3122 4904
506 705 753 782 Sententiae
782 678 1092 788 controversae,

750 863 850 872 ..—...-...

346 969 368 1029 1.
411 968 610 1027 Artificiosius
634 988 725 1045 quam
747 971 859 1029 rectius
882 970 1021 1048 Koechly
1041 971 1073 1030 in
1095 971 1282 1046 libelloqui
1305 974 1345 1029 de

249 1069 375 1127 diversis
388 1067 573 1145 theogoniae
586 1071 722 1145 partibus
737 1071 919 1141 inscribitur,
932 1090 961 1146 p.
976 1087 1012 1144 23
1027 1071 1102 1132 Hes.
1114 1071 1156 1130 th.
1169 1071 1232 1144 408
1248 1066 1348 1147 ἄνθος

248 1158 412 1245 Ὀλύμπου
426 1189 482 1247 pro
497 1166 591 1245 ἐντὸς
605 1165 649 1232 Ὀ.
673 1171 867 1228 scribendum
883 1173 1041 1248 proponit:
1058 1172 1236 1230 defenditur
1250 1169 1344 1247 ἐντὸς

251 1263 296 1334 ’0.
320 1273 506 1350 theogoniae
529 1291 575 1334 vv.
599 1289 649 1350 37.
673 1290 721 1348 51.

351 1375 388 1432 H.
434 1375 606 1434 Verisimile
636 1384 685 1433 est
711 1373 851 1432 Phidiam
875 1375 1038 1433 Pandorae
1059 1376 1188 1450 genesin
1219 1376 1249 1434 in
1282 1374 1350 1433 basi

249 1475 408 1534 Minervae
423 1457 475 1534 ¹sic
497 1476 661 1545 effinxisse,
685 1484 718 1534 ut
742 1493 855 1534 scaena
879 1476 1029 1553 utrimque
1054 1477 1250 1535 clauderetur
1270 1477 1349 1552 bigis

250 1576 376 1636 orientis
399 1576 476 1634 Solis
499 1585 530 1634 et
553 1577 661 1635 Lunae
683 1575 864 1636 occidentia.

349 1679 402 1737 111.
445 1679 548 1737 Livius
562 1680 592 1736 in
608 1681 728 1738 decade
742 1679 795 1740 IV.
808 1688 839 1737 et
851 1679 889 1739 V.
915 1681 994 1738 duos
1019 1679 1165 1738 Claudios
1181 1679 1349 1755 exscripsit,

251 1791 282 1839 et
303 1779 468 1840 Claudium
501 1783 552 1856 qui
574 1783 664 1856 vulgo
687 1783 857 1858 appellatur
879 1781 1111 1858 Quadrigarius,
1134 1789 1166 1838 et
1188 1779 1350 1838 Claudium

251 1882 304 1958 qui
336 1881 463 1940 annales
485 1881 639 1940 Acilianos
662 1901 679 1938 e
701 1900 814 1957 graeco
847 1882 877 1939 in
906 1883 1033 1940 latinum
1055 1899 1228 1940 sermonem
1253 1882 1350 1940 verti-t:

250 1997 353 2056 neque
381 1981 412 2040 hi
443 1983 506 2040 duo
530 1991 564 2039 ut
587 1981 691 2057 Unger
719 1982 841 2059 (Philol.
866 1985 963 2062 suppl.
987 1983 1072 2051 IlI,2
1096 2002 1125 2058 p.
1142 2000 1162 2056 4
1178 1977 1257 2060 sqq.)
1281 1999 1351 2057 pro-

250 2083 347 2158 ponit,
381 2101 462 2140 unus
492 2083 636 2158 idemque
659 2093 740 2152 sunt,
761 2101 862 2159 neque
893 2079 1034 2158 Κλώδιός
1064 2100 1113 2158 τις
1140 2103 1159 2141 a
1187 2082 1351 2142 Plutarcho

250 2177 382 2260 (Numae
406 2202 431 2244 c.
448 2173 474 2260 r)
496 2185 640 2242 laudatus
662 2184 744 2242 idem
766 2201 804 2241 ac
826 2182 972 2242 Claudius
997 2182 1227 2260 Quadrigarius.
1306 2171 1310 2178 ⁴

168 2358 178 2368 ,.
350 2284 403 2345 IV.
447 2284 483 2342 In
498 2272 701 2362 'anthologiae
723 2284 882 2344 Palatinae
904 2287 1124 2362 epigrammate
1147 2285 1185 2355 V,
1206 2303 1263 2361 114
1284 2306 1310 2346 v.
1329 2301 1347 2360 5

172 2371 183 2380 '¹
250 2403 306 2462 pro
328 2381 418 2455 πότε,
442 2387 527 2462 quod
539 2385 722 2444 Duebnerus
735 2386 880 2452 Heckero
895 2397 1021 2446 auctore
1044 2388 1074 2444 in
1090 2396 1207 2444 textum
1221 2388 1350 2464 recepit,

249 2483 329 2548 ποτέ
351 2488 576 2551 restituendum
598 2497 655 2558 est,
679 2489 847 2548 tollendum
868 2488 1118 2564 interrogationis
1141 2489 1270 2566 signum.

350 2587 388 2646 V.
413 2587 474 2662 Qui
496 2589 527 2646 in
549 2588 690 2666 Aeschyli
713 2598 833 2665 septem
848 2609 875 2649 v.
888 2589 949 2664 418
971 2586 1023 2650 καὶ
1044 2591 1128 2670 τῷδε
1151 2586 1256 2665 κέρδει
1278 2587 1349 2666 κέρ-

251 2691 309 2766 δος
332 2684 412 2750 ἄλλο
434 2685 571 2752 τίκτεται
593 2709 648 2766 pro
681 2687 786 2766 κέρδει
808 2686 926 2772 κόμπῳ
958 2691 1102 2760 scribunt,
1138 2691 1221 2748 nullo
1253 2693 1349 2752 modo

189 2806 196 2814 ·
247 2755 355 2849 locum
377 2801 498 2851 sanant.
578 2781 585 2798 ⁹
930 2789 1014 2858 ”br

216 2889 219 2893 ’
351 2892 404 2951 Vl.
449 2891 595 2952 Perverse
623 2894 718 2951 Flach
751 2890 891 2970 (praelat.
926 2896 968 2954 ad
1001 2894 1104 2969 theog.
1137 2914 1165 2970 p.
1188 2893 1247 2952 XII
1269 2889 1350 2972 sqq.)

252 3003 381 3058 stemma
393 2983 524 3052 Hesiodi
540 3015 558 3054 a
573 2995 682 3053 Proclo
697 2997 729 3054 iu
744 2995 983 3054 chrestomathia
1000 3005 1154 3056 servatum
1170 2995 1208 3052 ab
1222 2993 1347 3070 Ephoro

252 3069 422 3154 derivatum
443 3114 513 3156 esse
536 3098 624 3155 dicit:
647 3097 696 3156 hic
717 3097 799 3154 enim
820 3113 883 3154 non
906 3099 947 3154 ad
959 3095 1126 3173 Orpheum,
1149 3097 1228 3155 sicut
1250 3089 1350 3156 Procli

251 3204 388 3272 stemma,
406 3199 463 3256 sed
477 3199 519 3256 ad
531 3197 768 3274 Chariphemum
782 3207 901 3256 tantum
914 3199 1080 3256 recessisse
1092 3200 1231 3269 traditur,
1247 3216 1350 3274 neque

252 3315 290 3354 eo
313 3307 439 3356 auctore
460 3299 584 3375 Apelles
607 3308 695 3374 pater
716 3299 858 3358 Maeonis
878 3309 909 3356 et
932 3299 992 3369 Dii,
1015 3301 1073 3358 sed
1096 3300 1187 3358 frater
1209 3308 1283 3364 erat.

350 3398 416 3462 VH.
460 3399 495 3457 In
517 3399 629 3458 Tibulli
651 3401 728 3477 eleg.
750 3401 773 3469 I,
791 3415 854 3476 7,9
876 3395 1034 3476 pro‘non
1066 3401 1132 3458 sine
1165 3409 1263 3458 marte
1295 3394 1352 3458 ibi’

252 3502 338 3576 quod
361 3501 516 3560 Baehrens
538 3503 681 3571 coniecit,
702 3503 845 3562 codicum
859 3503 951 3560 lectio
974 3497 1053 3560 ‘non
1073 3503 1138 3560 sine
1153 3520 1203 3560 me
1218 3511 1267 3560 est
1282 3497 1355 3560 tibi'

252 3601 444 3660 annuenda
465 3611 522 3662 est.
631 3650 634 3659 .
979 3617 981 3621 ·

331 3701 433 3768 ,VIH.
476 3705 512 3762 In
534 3704 645 3764 Tibulli
667 3707 745 3781 eleg.
767 3707 804 3775 Π,
828 3705 857 3775 6,
877 3706 894 3765 8
913 3707 1047 3766 lectione
1069 3708 1162 3768 codd.
1186 3706 1249 3764 AV
1271 3707 1353 3786 (ipse

250 3805 339 3863 levem
360 3805 449 3882 galea
471 3807 523 3883 qui
544 3807 601 3867 sibi
626 3816 728 3883 portet
749 3806 875 3885 aquam)
900 3809 1052 3868 immerito
1075 3817 1179 3885 spreta
1194 3809 1352 3868 Baehrens

252 3914 376 3966 secutus
397 3916 445 3966 est
466 3909 537 3968 cod.
559 3909 600 3969 G.
623 3903 723 3986 (leve).

703 4110 900 4121 ω
