3122 4904
803 294 838 344 44

271 473 351 530 quae
373 455 398 513 si
419 455 517 514 vocali
550 455 635 514 brevi
668 439 879 526 terminantur,
911 475 1072 534 nusquam,
1105 457 1129 516 si
1162 457 1194 515 in
1216 474 1248 518 αι
1270 459 1317 516 vel
1338 476 1371 520 οι

270 565 386 614 exeunt
409 566 463 627 ter,
483 559 508 616 si
530 557 560 616 in
583 566 806 620 consonantem
839 557 985 616 desinunt
1012 560 1044 616 in
1067 575 1104 617 22
1130 559 1267 618 versibus
1288 561 1370 617 arsin

270 656 415 714 efficiunt.

372 758 463 831 Quae
485 776 554 818 cum
576 758 619 817 ita
642 759 703 816 sint
730 759 830 835 legem
853 760 1099 836 suprapositam
1122 761 1155 818 in
1175 777 1282 819 omnes
1304 779 1369 819 om-

270 859 344 918 nino
367 861 498 936 syllabas
521 859 627 918 finales
652 861 764 918 cadere
787 863 945 920 contendo
959 860 995 936 ¹).

370 962 465 1019 Addo
493 979 594 1037 pauca
624 962 788 1035 quaedam.
824 962 999 1037 Hilbergius
1028 962 1198 1039 pyrrhichia
1220 964 1370 1022 vocabula

273 1081 396 1139 prorsus
419 1063 479 1119 alio
495 1063 564 1118 loco
580 1061 696 1131 habuit,
719 1080 811 1136 quam
827 1063 950 1138 reliqua,
966 1065 1053 1138 quod
1068 1065 1093 1122 si
1108 1064 1235 1123 tabellas
1251 1083 1301 1140 pp.
1318 1064 1368 1139 3⁸·

273 1180 314 1240 39
338 1166 510 1239 descriptas
534 1163 726 1238 comparabis
749 1181 812 1221 non
840 1164 905 1222 sine
929 1181 1024 1224 causa
1046 1166 1156 1224 fecisse
1178 1166 1233 1223 tibi
1254 1166 1369 1222 videbi·

272 1273 330 1324 tur.
353 1273 387 1323 at
407 1264 576 1340 pyrrhichia
597 1265 721 1321 minime
743 1273 869 1340 propter
889 1267 1010 1340 gravius
1037 1267 1220 1340 syllabarum
1244 1266 1369 1341 pondus

271 1367 394 1442 saepius
417 1383 509 1442 quam
531 1365 687 1424 trochaica
710 1365 878 1424 clausulam
900 1368 931 1425 in
954 1369 1013 1426 arsi
1039 1370 1222 1444 productam
1243 1368 1367 1437 habent,

270 1470 328 1528 sed
350 1469 421 1544 quia
443 1468 474 1524 in
496 1467 599 1525 Nonni
629 1467 807 1525 hexametro
835 1469 928 1527 verba
958 1469 1031 1528 talia
1053 1509 1070 1528 ν
1085 1463 1122 1547 'a'
1143 1469 1283 1527 omnibus
1306 1467 1370 1527 fere

269 1571 412 1646 pedibus,
443 1569 516 1626 talia
536 1565 574 1648 -l
586 1577 611 1632 Μ’
642 1569 690 1625 vix
712 1570 763 1626 uni
783 1570 857 1645 pedi
879 1571 1064 1629 conveniunt
1081 1569 1117 1646 ²).
1140 1571 1263 1629 accedit
1284 1569 1369 1644 quod

268 1671 439 1748 pyrrhichia
464 1669 515 1728 illa
537 1671 683 1746 pleraque
705 1671 950 1746 praepositiones
973 1681 1053 1742 sunt,
1077 1689 1156 1747 quae
1179 1680 1214 1729 ut
1234 1671 1367 1746 procliti·

270 1791 325 1831 cae
349 1773 397 1830 vix
429 1771 489 1829 huc
521 1771 624 1828 referri
654 1779 792 1847 possunt.
849 1771 933 1844 Quid
955 1791 1026 1830 vero
1048 1774 1088 1830 de
1111 1791 1149 1830 eo
1186 1781 1367 1849 argumento

270 1876 470 1934 iudicandum
491 1881 548 1942 est,
572 1889 634 1947 quo
655 1872 831 1948 Hilbergius
864 1875 1018 1949 propriam
1050 1875 1204 1933 licentiam
1234 1875 1266 1932 in
1299 1891 1369 1949 pro·

269 1975 422 2034 ducendis
445 1973 589 2031 clausulis
611 1991 717 2030 eorum
733 1974 960 2043 vocabulorum,
983 1992 1063 2050 quae
1083 1975 1170 2033 initio
1186 1993 1290 2032 versus
1315 1976 1370 2032 ad·

271 2085 364 2145 stent,
389 2075 569 2133 Nonnianos
586 2075 752 2148 sumpsisse
775 2075 832 2132 sibi
854 2072 1036 2133 contendit?
1058 2077 1158 2151 agitur
1180 2078 1221 2134 de
1244 2075 1369 2134 vocibus

269 2176 457 2236 huiusmodi
479 2170 547 2254 --Ι
560 2185 595 2244 2',
618 2192 698 2249 quae
721 2193 758 2230 ex
781 2175 885 2233 Nonni
919 2177 959 2232 de
993 2178 1128 2235 caesuris
1161 2178 1370 2252 spondeisque

268 2279 386 2354 legibus
417 2278 585 2336 clausulam
614 2277 785 2352 producere
807 2285 966 2352 nequeunt
985 2277 1043 2334 nisi
1065 2277 1096 2334 in
1120 2277 1238 2335 arsibus
1260 2275 1298 2344 II,
1315 2276 1369 2347 Ill,

269 2381 307 2439 V.
329 2388 411 2437 recte
432 2380 464 2436 id
479 2379 605 2453 quidem
620 2379 669 2436 ille
684 2379 866 2444 observavit,
890 2379 971 2436 arsin
992 2378 1118 2436 alteram
1134 2379 1229 2436 multo
1245 2379 1367 2452 saepius

269 2499 361 2556 quam
377 2480 506 2549 tertiam,
529 2487 594 2537 tum
616 2479 741 2536 omnino
756 2498 819 2536 non
839 2479 903 2554 pati
926 2479 1065 2553 quintam
1086 2478 1195 2554 horum
1210 2479 1369 2536 verborum

269 2584 368 2641 exitus
391 2598 455 2638 non
471 2581 580 2655 longos
596 2589 719 2638 natura:
742 2588 775 2638 at
790 2581 815 2637 si
831 2580 938 2654 longas
954 2597 1077 2656 quoque
1092 2597 1199 2637 eorum
1217 2579 1367 2637 clausulas

269 2683 350 2743 arsin
373 2683 542 2740 secundam
557 2681 710 2756 praeferre
733 2683 792 2738 arsi
814 2681 923 2739 tertiae
945 2689 977 2739 et
1004 2682 1155 2738 rarissime
1177 2681 1258 2738 arsin
1282 2680 1368 2756 quin·

263 2795 332 2854 tam
359 2784 481 2842 efficere
504 2783 682 2858 cogitasset,
706 2785 746 2841 de
770 2783 891 2858 syllabis
907 2783 937 2839 in
952 2783 1050 2859 primo
1074 2801 1162 2841 versu
1179 2782 1369 2858 singulariter

268 2886 431 2963 pensitatis
462 2883 545 2942 nulla
577 2885 688 2958 opinor
712 2885 804 2941 verba
833 2883 966 2942 fecisset.
989 2901 1091 2960 neque
1121 2883 1293 2940 sententiae
1315 2883 1368 2939 viri

269 2986 355 3044 docti
378 2985 459 3041 favet
482 2985 567 3060 quod
597 2983 675 3041 haec
708 2984 871 3059 productio
894 2985 924 3041 in
947 2984 1046 3041 verbis
1068 3029 1120 3041 --
1135 2977 1167 3062 lt
1191 2984 1209 3043 i.
1231 3001 1258 3040 e.
1281 2983 1369 3040 iniis

270 3105 349 3164 quae
371 3085 539 3143 hexametri
560 3085 680 3142 initium
712 3086 834 3159 explere
864 3093 1004 3162 possunt,
1027 3085 1123 3142 multo
1155 3084 1294 3142 usitatior
1320 3091 1370 3141 est

270 3207 362 3270 quam
377 3188 407 3244 in
423 3187 521 3245 verbis
546 3182 583 3264 -l
600 3199 631 3243 t:
656 3187 723 3262 lege
746 3187 826 3243 enim
849 3187 1052 3262 despondeo
1074 3187 1152 3242 inter
1179 3186 1267 3242 binas
1288 3203 1369 3243 mas·

271 3291 354 3348 culas
376 3305 521 3347 caesuras
546 3289 640 3345 vitato
664 3305 756 3362 quam
778 3305 869 3363 supra
891 3305 920 3362 p.
937 3302 978 3359 30
1004 3288 1143 3362 exposui,
1166 3287 1304 3355 efficitur,
1336 3294 1370 3343 ut

269 3389 418 3448 vocabula
451 3388 523 3446 talia
547 3384 648 3462 μμ
670 3388 792 3463 saepius
823 3405 915 3462 quam
938 3381 974 3466 -l
990 3409 1007 3444 r
1030 3388 1060 3444 in
1082 3385 1141 3444 hac
1165 3404 1270 3444 versus
1292 3387 1369 3444 sede

269 3498 449 3568 appareant.

371 3672 396 3738 1)
416 3673 508 3723 credas
527 3673 634 3723 omnino
654 3674 682 3723 in
703 3673 779 3739 epica
796 3674 937 3724 verborum
955 3673 1032 3738 copia
1050 3688 1130 3722 voces
1147 3672 1229 3735 longa
1247 3671 1369 3722 clausula

269 3763 401 3827 praeditas
421 3762 615 3827 frequentiores
634 3762 726 3820 fuisse,
746 3763 910 3827 quambrevi
928 3761 1035 3827 syllaba
1052 3761 1081 3810 in
1100 3767 1289 3810 consonantem
1309 3776 1369 3810 exe·

269 3857 356 3909 untes,
374 3851 422 3900 has
442 3851 634 3916 frequentiores
663 3866 740 3914 quarn
768 3850 842 3899 brevi
866 3850 954 3899 'vocali
971 3849 1069 3907 finitas,
1087 3855 1116 3898 ut
1134 3848 1302 3915 perpensatio
1322 3849 1371 3898 illa

269 3939 431 4004 syllabarum
451 3939 568 3988 finalium
586 3939 638 3988 iam
658 3938 736 3987 nihili
754 3938 813 3989 fiat:
842 3945 868 3988 at
889 3938 931 3987 vel
956 3938 1034 4004 pauci
1053 3937 1165 3987 Homeri
1184 3953 1275 3986 versus
1295 3936 1370 3986 aliud

269 4027 411 4076 docebunt.

370 4116 396 4182 2)
416 4115 449 4166 cf.
470 4111 518 4184 §a
530 4127 554 4167 2.
572 4143 598 4151 -
611 4113 742 4163 vocabula
760 4113 874 4164 iambica
892 4113 920 4162 in
939 4119 974 4175 90
994 4112 1129 4178 e'cphrasis
1138 4112 1268 4171 versibus,
1289 4127 1371 4178 spon-

270 4205 346 4254 diaca
363 4204 392 4253 in
413 4216 440 4254 11
463 4210 562 4254 tantum
580 4203 702 4253 versibus
716 4202 862 4252 clausulam
877 4209 970 4252 natura
985 4201 1097 4266 longam
1114 4202 1143 4252 iu
1161 4201 1213 4252 arsi
1233 4200 1370 4252 exhibent.
