3122 4904
812 248 846 299 42

279 409 468 468 admiserunt
479 409 701 487 Triphiodorus
724 429 750 472 v.
773 409 840 480 126,
853 409 966 470 Paulus
979 405 1168 468 silentiarius
1183 410 1286 487 ecphr.
1302 411 1378 472 eccl.

277 505 311 581 Α,
336 525 406 584 253.
430 507 464 581 Β,
491 511 557 585 183.

428 634 461 712 b)
484 639 509 696 si
531 637 698 696 exeuntia
720 654 753 697 αι
775 637 823 694 vel
844 653 876 698 οι
897 637 1013 695 exitum
1036 635 1254 696 christodorus
1271 638 1377 708 semel,

271 735 318 816 ,(ν.
342 740 416 818 339)
438 759 595 816 nunquam
615 739 745 800 Nonnus
767 740 798 797 in
819 740 900 798 thesi
921 741 1092 818 spondiaca
1115 741 1285 799 collocavit.

429 864 459 943 c)
481 867 507 924 si
531 866 699 926 clausulam
721 867 865 925 brevem
885 867 1107 927 consonanti
1122 865 1237 924 finitam
1252 867 1377 937 habent,

280 967 358 1027 haec
385 967 486 1026 thesin
513 969 720 1042 spondiacam
752 969 837 1044 apud
859 965 1093 1026 Christodorum
1117 968 1149 1026 in
1175 983 1212 1026 10
1232 969 1378 1038 versibus,

280 1066 311 1126 in
333 1076 416 1126 toto
439 1067 551 1126 Nonno
573 1069 605 1125 in
627 1084 665 1144 45
690 1069 825 1126 versibus
848 1068 951 1128 efficit.

428 1189 463 1269 d)
486 1195 512 1254 si
531 1196 561 1252 in
577 1195 724 1270 syllabam
738 1203 848 1254 natura
869 1195 1018 1270 longam
1042 1195 1197 1266 desinunt,
1218 1194 1298 1252 haec
1312 1195 1378 1253 lon-

278 1315 351 1372 gam
369 1295 457 1371 primi
488 1297 577 1372 pedis
612 1295 712 1353 thesin
744 1297 829 1372 apud
851 1294 1087 1356 Christodorum
1118 1295 1148 1354 in
1170 1311 1208 1368 32
1233 1295 1379 1366 versibus,

279 1398 364 1474 apud
386 1396 530 1454 Nonnum
552 1397 583 1454 in
605 1395 624 1453 8
647 1396 784 1454 versibus
806 1404 901 1456 tenet.
938 1414 1026 1455 versu
1049 1396 1203 1472 ecphrasis
1226 1410 1299 1472 375,
1325 1397 1378 1454 ubi

280 1508 388 1557 contra
419 1499 520 1573 legem
548 1499 589 1555 de
622 1497 764 1556 bucolica
790 1515 928 1567 caesura,
962 1515 1055 1573 quarn
1084 1515 1177 1573 supra
1208 1515 1239 1573 p.
1260 1512 1302 1570 30
1323 1499 1379 1556 de·

278 1600 396 1675 scripsi,
419 1596 471 1660 καὶ
486 1595 594 1660 αὐτῶν
608 1599 722 1675 pedem
744 1607 886 1674 quartum
901 1607 1042 1675 occupat,
1066 1600 1147 1660 bene
1167 1599 1206 1656 ab
1218 1597 1378 1676 Hilbergio

281 1702 398 1760 codicis
414 1700 543 1759 Palatini
562 1700 652 1759 lectio
675 1695 702 1761 κ’
719 1696 827 1762 αὐτῶν
848 1701 880 1757 in
903 1699 1028 1761 κλυτῶν
1050 1692 1173 1780 <κατὰ>
1190 1708 1307 1758 mutata
1322 1709 1379 1760 est.

379 1810 507 1878 apparet
539 1802 631 1878 igitur
665 1810 697 1860 et
729 1802 761 1858 in
793 1801 1013 1876 monosyllabis
1046 1802 1132 1859 etin
1154 1789 1307 1877 bisyllabis
1338 1802 1381 1858 ad

198 1933 200 1939 v
280 1904 482 1981 spondiacam
511 1902 611 1960 thesin
639 1902 822 1961 adhibendis
846 1901 1078 1962 Christodorum
1109 1903 1209 1960 miuus
1240 1919 1382 1970 severum

283 2005 377 2063 luisse
398 2022 490 2080 quam
511 2003 665 2063 Nomium.
711 2005 845 2080 denique
867 2005 899 2064 in

299 2128 301 2132 ’
379 2132 431 2190 ΙΙΙ.
456 2132 652 2191 vocabulis
674 2135 956 2209 pluriumquam
978 2136 1135 2191 duarum
1156 2133 1381 2208 syllabarum

279 2251 437 2308 nunquam
459 2234 542 2310 apud
564 2234 621 2291 hos
645 2233 781 2292 clausula
802 2235 885 2292 verbi
918 2235 1121 2311 spondiacam
1143 2235 1243 2292 thesin
1266 2234 1380 2308 explet.

281 2352 485 2411 quaecunque
508 2335 634 2409 cogitari
656 2344 796 2411 possunt,
819 2344 872 2393 aut
895 2336 938 2393 sic
955 2377 970 2394 c
981 2330 1040 2414 las
1057 2344 1110 2393 aut
1125 2336 1170 2393 sic
1183 2327 1280 2413 -l-'AEl
1297 2335 1380 2391 exire

279 2435 406 2505 debent,
429 2454 558 2512 quarum
580 2435 746 2494 formarum
767 2436 846 2494 haec
868 2436 971 2494 Nonni
994 2437 1034 2494 de
1055 2435 1202 2516 spondeis
1221 2452 1285 2492 non
1307 2452 1381 2492 con·

278 2537 433 2595 tinuandis
455 2537 515 2611 legi
539 2537 651 2604 obstat,
673 2537 723 2594 illa
745 2538 800 2595 soli
820 2525 895 2614 pedi
916 2539 1055 2596 secundo
1071 2555 1118 2612 ae,
1141 2537 1166 2596 si
1188 2544 1273 2594 recte
1288 2552 1381 2611 supra

278 2659 308 2715 p.
333 2655 372 2713 29
395 2639 534 2708 disserui,
556 2657 597 2696 ne
619 2638 689 2697 huic
711 2639 836 2715 quidem
857 2641 930 2698 satis
953 2640 1107 2698 convenit.

349 2980 351 2984 .
377 2939 442 2997 Iam
468 2957 507 2997 eo
540 2939 679 3016 pervenit
711 2939 879 3016 disputatio
914 2946 1029 3008 nostra,
1066 2945 1099 2995 ut
1121 2938 1178 2996 de.
1195 2938 1378 3013 syllabarum

278 3041 517 3117 perpensatione
538 3041 702 3100 Nonniana
733 3057 883 3098 summam
905 3039 1062 3101 faciamus.
1098 3056 1192 3114 quare
1220 3038 1270 3096 hic
1302 3055 1381 3113 quos
1471 3035 1474 3044 '

279 3142 453 3217 singillatim
475 3143 637 3218 perscripsi
658 3157 802 3200 numeros
824 3142 935 3199 iterum
956 3159 1127 3217 proponam
1142 3140 1172 3198 in
1190 3158 1284 3199 unum
1305 3157 1381 3198 con-

279 3251 394 3319 gestos.
416 3243 553 3318 singulos
574 3244 685 3318 pedes,
708 3244 740 3301 in
764 3243 873 3318 quibus
904 3242 1039 3319 syllabae
1072 3241 1178 3301 finales
1208 3241 1382 3317 productae

279 3345 339 3401 sint
361 3352 415 3402 aut
436 3362 499 3402 non
515 3345 584 3412 sint,
607 3363 671 3402 non
693 3345 754 3404 iam
772 3345 913 3420 respici0,
937 3344 1010 3419 quia
1023 3343 1188 3418 probatum
1205 3358 1275 3398 esse
1287 3357 1380 3416 spero
1457 3346 1462 3355 '

279 3445 543 3520 nonsyllabarum
564 3445 747 3520 pensatione
770 3462 825 3520 pro
851 3445 984 3520 pedibus
1006 3443 1132 3512 variata,
1161 3443 1218 3500 sed
1240 3441 1381 3512 cautelis,

280 3564 358 3622 quas
391 3548 432 3605 de
465 3547 598 3604 caesuris
633 3547 842 3622 spondeisque
876 3545 1032 3604 Nonniani
1065 3544 1123 3602 sibi
1156 3544 1383 3620 imposuerunt,

279 3647 394 3704 iactum
416 3663 496 3716 esse,
517 3655 550 3704 ut
571 3648 602 3704 in
624 3647 671 3705 his
686 3648 818 3724 pedibus
841 3647 962 3722 saepius
980 3647 1012 3703 in
1032 3644 1089 3704 illis
1102 3644 1199 3703 rarius
1218 3644 1383 3704 clausulae

279 3748 441 3830 verborum
462 3749 714 3826 producerentur.
