3122 4904
742 251 775 302 39

208 431 336 474 caesura
349 414 439 492 pedis
460 414 638 491 gravissima
660 414 785 472 nimium
800 415 839 471 ab
855 414 1046 490 insequentis
1062 414 1202 472 vocabuli
1222 413 1307 473 initio

209 517 371 593 dirempta,
393 517 473 576 male
498 516 557 576 fert
577 501 823 593 productionem.

310 631 343 711 2)
365 635 397 692 in
419 635 576 693 vocabulis
599 634 821 711 spondiacis
843 634 891 691 vel
910 634 1012 709 potius
1035 623 1241 692 trochaicis

361 731 393 812 a)
415 735 441 793 si
462 735 567 794 brevi
599 735 719 794 vocali
742 735 952 803 terminantur,
982 753 1084 810 neque
1111 736 1197 810 apud
1224 733 1309 793 Non·

208 831 405 912 numaeque
427 837 512 912 apud
533 835 767 897 Christodorum
788 837 888 896 exitus
910 836 994 895 vocis
1019 837 1101 894 arsin
1124 835 1225 896 efficit.

358 930 394 1013 b)
416 936 494 994 siin
519 953 551 997 αι
576 937 675 999 velot
701 945 825 1006 exeunt,
847 937 941 994 semel
962 934 1003 1008 (v.
1022 931 1095 1012 237)
1116 938 1147 993 in
1170 935 1309 1012 ecphrasi

208 1037 240 1096 in
261 1033 346 1098 δοιοὶ
363 1034 400 1099 δέ
423 1037 539 1112 syllaba
561 1036 658 1096 finalis
686 1039 768 1096 arsin
789 1038 911 1095 tertiam
934 1045 1077 1113 occupat,
1109 1037 1158 1096 cui
1180 1038 1249 1096 loco
1271 1038 1310 1096 si·

140 1211 141 1214 ¹
209 1147 262 1198 cut
282 1138 449 1198 duodecim
471 1138 560 1196 huius
582 1155 656 1196 usus
679 1138 837 1213 exemplis,
860 1155 940 1213 quae
962 1156 1000 1195 ex
1023 1147 1092 1196 toto
1114 1136 1226 1196 Nonno
1244 1138 1309 1196 Hil-

209 1241 332 1316 bergius
357 1239 502 1315 conlegit,
531 1258 568 1297 ex
591 1240 701 1299 vocula
722 1236 759 1301 δέ
779 1240 919 1298 enclitice
927 1235 953 1318 ¹)
988 1257 1058 1298 cum
1090 1236 1174 1301 δοιοί
1207 1239 1311 1297 iuncta

209 1343 312 1418 aliqua
335 1341 425 1400 venia
445 1350 554 1418 parata
576 1349 633 1402 est.

359 1439 389 1517 c)
414 1443 439 1501 si
461 1442 692 1501 consonanti
715 1441 907 1516 clauduntur,
1287 1503 1290 1508 ,

210 1544 327 1622 syllaba
340 1543 437 1602 finalis
453 1543 534 1602 arsin
547 1542 640 1602 efficit
651 1562 681 1619 p.
729 1543 766 1602 11.
841 1541 893 1602 ΠΙ.
949 1539 1003 1600 IV.
1087 1537 1126 1600 V.
1204 1537 1256 1600 VI.

211 1646 295 1722 apud
318 1643 551 1702 Christodorum
572 1645 603 1702 in
721 1673 760 1686 -
850 1659 866 1718 7
955 1673 990 1685 —
1080 1673 1119 1684 -
1208 1671 1247 1682 -

210 1747 345 1805 inloto
368 1745 534 1804 Nonnoin
727 1743 795 1818 10¹)
849 1759 867 1817 3
957 1775 994 1784 —
1081 1775 1122 1784 —
1209 1773 1247 1784 -

212 1848 359 1907 versibus.
394 1855 514 1923 septem
535 1846 566 1903 hi
588 1844 779 1904 Christodori
809 1863 916 1904 versus
938 1847 980 1904 ad
1001 1863 1096 1903 unum
1126 1861 1233 1903 omnes
1257 1860 1323 1912 en·‚

213 1949 313 2008 clitica
339 1949 442 2024 aliqua
462 1931 551 2007 ¹voce
584 1949 694 2006 addita
725 1948 870 2024 syllabam
901 1947 1022 2006 finalem
1052 1947 1134 2004 velut
1154 1946 1185 2002 in
1207 1945 1310 2002 medio

213 2050 363 2109 vocabulo
379 2050 514 2126 positam
525 2051 684 2126 praebent.
706 2057 867 2124 praeterea
883 2066 952 2106 cum
966 2047 1057 2122 τοῖος
1079 2043 1144 2109 ἐὼν
1166 2041 1236 2121 οἷός
1250 2062 1312 2123 περ

213 2147 273 2228 (νν.
296 2167 326 2236 3.
349 2147 413 2226 84.)
446 2152 587 2209 conferas
613 2149 742 2208 Homeri
770 2147 805 2218 Σ,
833 2164 900 2224 105.
934 2151 962 2219 b,
986 2165 1058 2222 342.
1092 2165 1121 2224 ρ,
1146 2164 1203 2223 133
1236 2148 1311 2223 alia3

212 2271 282 2311 cum
305 2251 413 2328 φᾶρος
435 2248 472 2313 δέ
495 2247 536 2327 (v.
561 2244 614 2328 80)
636 2262 670 2308 et
691 2249 800 2327 φᾶρος
821 2246 885 2325 γάρ
904 2246 943 2322 (v.
965 2248 1036 2323 183)
1058 2267 1087 2322 γ,
1102 2248 1174 2324 467.
1198 2265 1223 2325 ε,
1241 2265 1311 2323 23ο.

209 2372 237 2425 κ,
261 2368 336 2428 543;
360 2370 430 2411 cum
451 2349 574 2428 γυμνὸς
596 2349 654 2427 μὲν
682 2346 722 2430 (v.
748 2347 819 2428 280)
843 2349 877 2421 Ε,
900 2351 970 2412 801.
1009 2352 1049 2411 de
1071 2367 1090 2411 ν
1111 2351 1310 2427 paragogico,

210 2456 296 2530 quod
317 2473 344 2513 v.
368 2452 429 2528 368
461 2455 492 2511 in
520 2453 620 2515 πᾶσιν
642 2451 700 2529 μέν
724 2461 818 2521 extat,
845 2451 1062 2511 Scheindlerus
1086 2453 1118 2510 in
1139 2452 1311 2527 quaestion.

211 2555 313 2616 Noun.
335 2574 365 2631 p.
378 2553 418 2614 66
441 2555 505 2630 egit
526 2572 658 2629 eamque
680 2554 798 2613 literam
820 2553 893 2612 solis
914 2553 1032 2610 arsibus
1052 2551 1080 2609 II
1104 2560 1136 2610 et
1156 2551 1210 2622 IV,
1233 2570 1312 2611 nun·

209 2674 302 2732 quam
335 2655 460 2715 arsilli
482 2657 568 2732 apud
591 2653 772 2713 Nonnianos
804 2654 974 2712 accessisse
997 2653 1166 2712 contendit.
1188 2662 1243 2711 aut
1264 2671 1312 2710 er·

209 2758 287 2817 ravit
311 2757 354 2815 vir
376 2757 499 2829 doctus,
532 2764 586 2815 aut
608 2753 825 2815 Christodorus
847 2755 906 2813 hac
933 2754 965 2812 in
987 2771 1020 2812 re
1042 2752 1189 2812 Nonnum
1210 2753 1310 2812 minus

211 2868 355 2918 accurate
377 2864 502 2918 secutus
523 2865 585 2928 est,
608 2874 679 2915 cum
700 2857 796 2916 semel
819 2853 860 2932 (v.
878 2851 931 2932 29)
953 2856 985 2914 in
1006 2855 1065 2915 arsi
1086 2855 1193 2924 altera,
1216 2855 1311 2912 semel

210 2957 253 3036 (v.
277 2960 351 3035 207)
373 2959 405 3017 in
428 2959 487 3018 arsi
511 2967 697 3035 quartanas
726 2957 883 3027 adhibeat,
916 2965 948 3016 et
975 2957 1050 3018 illud
1079 2955 1179 3017 πᾶσιν
1200 2953 1259 3032 μέν
1278 2964 1312 3014 et

210 3061 257 3120 bis
279 3057 339 3136 (vv.
363 3075 413 3138 37.
437 3057 512 3138 346)
533 3055 648 3122 δόκεεν
670 3055 706 3120 δέ
728 3060 760 3117 in
782 3059 842 3118 arsi
864 3058 955 3116 tertia
974 3057 1254 3134 deprehendamus.

360 3161 395 3235 d)
419 3162 446 3219 si
467 3161 647 3236 longeest
668 3160 783 3236 syllaba
804 3160 911 3230 finalis,

212 3263 294 3322 arsin
315 3264 404 3340 pedis
699 3263 737 3321 Π.
800 3261 852 3320 ΙΙΙ.
914 3260 968 3322 IV.
1044 3259 1082 3322 V.
1161 3258 1214 3320 VI.

212 3364 296 3441 apud
319 3365 553 3424 Christodorum
574 3365 606 3422 in
707 3381 723 3423 2

211 3467 296 3541 apud
318 3465 464 3525 Nonnum
485 3467 516 3526 in
707 3481 724 3542 7

213 3568 349 3626 versibus
371 3576 466 3629 tenet.
500 3569 606 3643 itaque
635 3585 700 3626 non
728 3565 828 3625 solum
855 3565 881 3624 si
908 3545 1130 3642 producendus
1153 3574 1201 3623 est
1226 3565 1311 3624 vocis

211 3669 320 3741 exitus,
353 3671 412 3728 sed
434 3669 528 3728 etiam
549 3670 574 3729 si
594 3677 705 3729 natura
725 3670 835 3744 longus
863 3676 920 3739 est,
955 3668 1051 3726 multo
1074 3667 1196 3743 saepius
1219 3665 1313 3725 verba

315 3909 391 3978 1)ut
418 3910 457 3978 δέ,
482 3909 541 3977 μέν,
562 3909 617 3978 γάρ
648 3910 743 3962 eodem
770 3911 828 3960 iere
855 3910 916 3960 loco
945 3925 998 3978 quo
1027 3907 1163 3959 encliticas
1190 3907 1312 3967 habeam,
1397 3976 1400 3982 ¹

212 4015 304 4052 omnes
322 4000 438 4051 libenter
457 4015 631 4051 concessuros
656 4000 722 4068 scio.
749 4000 782 4049 ci.
802 3999 908 4063 Ziegler
926 3998 1008 4066 prael.
1030 3997 1071 4048 ad·
1082 3996 1196 4048 Theocr.
1215 4013 1241 4062 p.
1259 3995 1312 4056 IX,

212 4090 273 4142 adu.
293 4101 318 4142 2.

313 4175 339 4244 2)
357 4175 452 4228 borum
469 4176 592 4244 plerique
610 4177 730 4228 Homero
750 4175 844 4227 deberi
862 4175 994 4228 videntur.
