3122 4904
721 291 752 348 ¹9

191 453 317 516 troianis
340 457 451 530 dicam,
475 477 604 536 quorum
626 469 747 520 statuae
768 463 842 519 inde
862 480 882 519 a
901 481 927 522 v.
942 461 1001 536 2'46
1025 453 1288 542 deseribunturq?

190 577 260 617 cum
283 561 332 618 vix
356 564 440 620 credi
467 565 565 638 possit
593 564 704 622 heroes
735 573 798 622 tam
827 566 976 623 obscuros
1008 583 1143 640 unquam
1165 566 1204 622 ab
1227 566 1288 623 ullo

189 645 344 737 sculptore
374 664 491 722 effictos
514 683 595 734 esse,
627 675 691 723 tum
711 665 746 726 ll.
770 663 790 726 Γ
820 685 846 726 ν.
873 665 930 740 146
946 685 1001 742 sq„
1035 684 1127 742 quem
1156 668 1217 724 iam
1240 668 1289 724 alii

189 779 259 820 cum
282 762 473 824 Christodori
495 767 564 824 loco
588 766 798 824 contulerunt:

295 896 326 959 οἱ
348 897 376 961 δ’
400 894 481 976 ἀμφὶ
502 896 650 976 Πρίαμον
673 898 724 962 καὶ
745 897 899 962 Πάνθοον
921 897 979 975 ἠδὲ
1003 898 1163 977 Θυμοίτην

294 995 428 1075 Λάμπον
450 1019 484 1062 τε
509 997 642 1063 Κλυτίον
665 997 691 1061 θ’
716 995 934 1078 Ἱκετάονὰ·“τ’,
958 997 1035 1064 ὄζον
1057 997 1176 1078 Ἄρηος

114 1205 115 1208 ¹
190 1126 358 1184 certissime
386 1128 604 1202 comprobatur
634 1130 895 1187 nomenclatorem
916 1128 948 1184 in
969 1127 1015 1185 bis
1046 1129 1140 1202 signis
1163 1128 1290 1186 Homeri

189 1228 292 1301 potius
314 1227 417 1285 locum
441 1245 532 1303 quam
555 1236 674 1286 statuas
700 1229 782 1304 ipsas
810 1228 991 1303 respexisse.
1029 1219 1140 1302 quodsi
1162 1236 1247 1285 recte
1272 1246 1290 1284 a

191 1327 280 1385 nobis
304 1329 495 1403 disputatum
521 1337 578 1398 est,
611 1330 673 1386 iam
701 1347 810 1386 omnes
843 1329 977 1404 reliquos
1000 1329 1140 1386 eiusdem
1167 1331 1288 1405 generis

190 1429 294 1486 titulos
318 1431 349 1486 in
372 1431 499 1489 dubium
522 1448 668 1496 vocemus
693 1431 778 1500 licet;
812 1431 886 1505 quid
916 1432 1001 1506 quod
1023 1449 1064 1487 ne
1086 1448 1143 1487 eae
1164 1431 1290 1504 quidem

192 1536 325 1600 statuae,
348 1548 428 1613 quae
451 1532 593 1590 facillime
616 1541 701 1590 certa
722 1532 842 1590 ratione
864 1531 1005 1589 denotari
1027 1538 1180 1606 poterant,
1207 1538 1290 1589 recte

192 1628 232 1685 ab
262 1628 314 1686 illo
347 1632 568 1691 denominatae
600 1629 762 1690 videntur?
799 1651 839 1690 an
861 1633 989 1690 Aiacem
1010 1632 1224 1691 Telamonium
1246 1632 1291 1690 ef·

191 1730 296 1788 fictum
329 1749 397 1790 esse
419 1734 587 1792 imberbem
606 1730 787 1792 credamus?
823 1751 925 1809 neque
952 1734 995 1791 eis
1024 1735 1133 1792 statuis
1142 1731 1178 1808 ²),
1211 1750 1291 1808 quae

192 1849 256 1890 non
279 1851 317 1890 ex
339 1833 477 1893 Homero
499 1853 613 1894 nomen
636 1837 777 1906 tulerunt,
803 1836 919 1893 fraudis
941 1836 1075 1910 suspicio
1098 1837 1290 1894 imminuitur.

192 1937 378 2010 Amymones
402 1937 483 1993 enim
507 1946 539 1994 et
559 1938 664 2012 Auges
686 1944 815 2005 statuas,
844 1954 914 1994 cum
935 1937 1093 2012 proximae
1115 1955 1133 1993 a
1155 1935 1291 2012 Neptuni

192 2035 396 2112 Herculisque
419 2037 513 2112 signis
540 2039 662 2096 stetisse
692 2039 843 2106 dicantur,
875 2045 1001 2112 propter
1020 2039 1197 2096 maritorum
1220 2037 1292 2095 vici·

94 2199 96 2205 ,
192 2132 353 2214 nitatem³)
383 2137 430 2196 bis
452 2140 626 2197 nominibus
653 2140 810 2215 praeditas
833 2156 903 2196 esse
932 2141 1127 2199 contendam.
1167 2138 1291 2195 Daretis

193 2248 297 2298 autem
319 2240 494 2314 Entellique
524 2259 563 2297 ex
596 2240 663 2298 solo
686 2240 821 2315 Vergilio
848 2241 929 2298 notis
951 2240 1126 2297 nominibus
1149 2247 1183 2296 ut
1204 2239 1292 2314 pugi·

192 2339 254 2398 lum
276 2348 395 2398 statuas
424 2341 473 2397 ille
501 2343 686 2418 designaret,
719 2342 825 2399 nescio
853 2358 893 2397 an
923 2342 1019 2417 ipsius
1042 2340 1167 2415 Vergilii
1189 2348 1292 2397 statua

191 2441 267 2498 item
293 2443 324 2498 in
347 2441 506 2518 Zeuxippo
540 2443 690 2502 collocata
721 2451 893 2500 commotus
916 2443 963 2500 sit.
1002 2444 1106 2516 itaque
1136 2443 1177 2499 de
1199 2441 1292 2498 titulis

192 2541 322 2600 heroicis
345 2542 464 2618 Langio
487 2544 579 2620 plane
600 2544 761 2602 assentior.

294 2781 320 2851 ι)
339 2783 368 2832 in
386 2783 479 2832 codice
497 2770 620 2834 Palatino
639 2785 692 2834 hoc
710 2785 802 2834 ordine
822 2790 1017 2836 enumerantur:

191 2870 329 2921 sanuous
632 2854 633 2857 ’

191 2958 354 3022 Thymoetes

192 3046 295 3112 Clytius
398 3045 418 3099 Β

190 3135 324 3184 Isocrates
398 3133 415 3186 Γ

191 3223 312 3288 Lampon
397 3222 418 3276 Α

191 3311 369 3376 Amphiaraus
394 3309 431 3372 Δ,
450 3325 528 3378 quem
546 3311 665 3362 ordinem
683 3312 866 3362 lemmatorum
884 3319 976 3362 auctor
994 3312 1078 3362 literis
1097 3311 1158 3364 Α-Δ
1178 3311 1293 3376 adscrip-

191 3399 225 3448 tis
243 3400 281 3450 ita
299 3401 463 3466 permutavit,
483 3408 512 3450 ut
530 3401 691 3467 respondeat
716 3411 806 3451 exacte
826 3402 913 3452 versui
939 3401 1041 3452 Iliadis.
1070 3416 1162 3466 parum
1182 3401 1293 3449 interest
1354 3459 1356 3465 Ι

192 3493 279 3536 utrum
297 3488 490 3538 nomenclatori
518 3505 577 3538 cum
598 3491 717 3540 Homero
748 3490 940 3556 discrepantem
966 3489 1037 3538 bunc
1056 3488 1177 3537 ordinem
1195 3486 1292 3537 tribua·

192 3590 258 3634 mus,
279 3591 312 3624 an
330 3575 431 3625 librarii
449 3576 550 3626 codicis
568 3576 685 3626 Palatini
704 3577 850 3630 socordiae.

292 3664 320 3732 2)
339 3666 373 3714 de
390 3665 482 3728 Aglao
501 3666 534 3717 ci.
553 3666 674 3732 Jacobsii
694 3667 892 3717 adnotationem
912 3666 946 3716 ad
964 3681 1006 3718 vv.
1019 3666 1070 3728 263
1082 3680 1139 3730 sqq.

293 3751 321 3820 3)
339 3753 420 3804 miror
440 3755 573 3805 neminem
592 3753 678 3805 adhuc
697 3755 854 3804 observasse
873 3755 1030 3820 plerumque
1048 3754 1077 3803 in
1094 3753 1229 3818 Zeuxippo
1244 3757 1294 3802 sta·

194 3848 253 3892 tuas
271 3843 386 3893 virorum
405 3844 612 3908 feminarumque
630 3842 745 3892 alternas
765 3842 909 3909 dispositas
928 3842 1023 3904 fuisse3
1043 3857 1096 3907 quo
1116 3841 1186 3890 lacto
1206 3839 1229 3889 is
1248 3839 1294 3905 qui

193 3931 302 3980 nomina
319 3931 353 3979 iis
373 3931 446 3980 dedit
467 3947 546 3997 quam
564 3929 675 3980 maxime
692 3931 800 3989 studuit,
819 3938 848 3980 ut
866 3930 943 3979 binas
962 3930 1096 3980 vicinitate
1115 3929 1218 3978 iunctas
1238 3927 1294 3976 eifr-
1378 3973 1381 3982 ,

194 4019 251 4084 gies
269 4021 355 4071 titulis
374 4036 481 4087 quoque
502 4026 661 4071 conecteret.
684 4020 831 4090 praefracte
857 4020 980 4086 equidem
999 4033 1068 4082 nego
1089 4034 1121 4067 ex
1139 4018 1181 4066 his
1201 4017 1294 4066 statuis

194 4109 270 4159 binas
299 4110 392 4158 eadem
419 4108 478 4158 basi
508 4109 546 4158 sic
574 4108 713 4174 impositas
741 4108 824 4158 fuisse
853 4114 881 4158 nt
909 4107 1074 4173 symplegma
1098 4105 1158 4172 (nos
1183 4105 1294 4154 dicimus

196 4195 341 4264 ‚Gruppe‘y
360 4197 504 4248 efficerent.
