3122 4904
733 269 766 322 43

643 501 714 551 arsin
731 500 858 551 efficiunt.
1043 470 1133 522 thesin
1146 470 1246 552 ,⁵P⁰Ud·

289 559 416 625 syllabae
1084 541 1210 592 efficiunt.

300 655 394 706 finales
526 649 547 690 in
562 650 658 691 vocabu·
685 650 708 692 in
722 651 817 692 vocabu·
843 649 865 690 in
879 649 974 690 vocabu·
1002 650 1024 692 in
1038 651 1133 692 vocabu·
1159 650 1181 692 in
1196 651 1292 692 vocabu·

537 700 564 741 lis
578 714 652 741 mono·
699 699 727 743 lis
741 701 809 753 bisyl·
853 700 880 742 lis
895 699 968 752 trisyl·
1009 701 1036 744 lis
1050 715 1124 742 mono·
1168 701 1199 744 lis.
1209 701 1277 753 bisyl-

548 751 642 804 syllabis
719 752 784 794 labis.
880 751 938 794 labis
1018 752 1113 804 syllabis
1196 752 1253 794 labis

235 887 304 938 qnae
322 873 351 922 in
369 874 481 957 brevem.
533 895 558 952 6·
596 897 648 966 41)
685 893 722 952 17·
774 899 805 949 ,5
855 927 888 938 ,,
934 927 966 938 ,-

209 944 328 994 vocalem
348 952 452 1006 exeunt,
474 961 502 994 m

293 1016 416 1066 versibus

235 1502 374 1563 minantur,
393 1504 422 1553 in
439 1521 481 1556 vv.

210 1647 279 1698 quae
297 1639 390 1682 natura
409 1633 507 1697 longae

270 1711 340 1764 sunt,
359 1703 444 1756 in„
528 1676 572 1734 ll.
616 1672 817 1745 71.101.1os.
853 1675 899 1734 50.
923 1690 965 1746 52.
1003 1675 1042 1734 10,
1090 1657 1125 1732 v1,
1170 1675 1213 1734 32,
1256 1678 1281 1730 8,

239 1970 241 1972 ¹
300 1898 409 1974 Itaque
431 1906 577 1973 quattuor
597 1897 814 1971 illisHilbergi
835 1898 964 1972 legibus,
987 1898 1067 1957 hanc
1089 1917 1182 1958 unam
1204 1900 1301 1959 multo

200 1999 417 2074 simpliciorem
439 2015 580 2074 oppono:

306 2099 498 2158 Nonniani
520 2100 656 2157 breves
679 2100 849 2176 syllabas
872 2101 1022 2171 finales,
1047 2103 1206 2178 quasin
1228 2104 1302 2161 arsi

201 2209 240 2258 et
263 2202 477 2277 spondiaca
511 2201 610 2260 thesi
633 2201 751 2259 multo
785 2203 906 2260 rarius
934 2220 1043 2277 quam
1069 2211 1202 2261 natura
1223 2204 1300 2262 lon·

203 2320 268 2378 gas
291 2303 566 2373 admittebant,
601 2304 655 2361 ita
689 2304 912 2378 pensabant,
945 2313 984 2361 ut
1006 2321 1197 2380 nunquam
1219 2305 1302 2363 iere

205 2404 325 2462 vocali
349 2404 481 2462 finitas
503 2405 768 2480 producerent,
790 2406 941 2481 saepius
964 2405 1000 2462 in
1023 2423 1060 2467 αι
1082 2407 1138 2464 vel
1160 2422 1197 2466 οι
1219 2424 1301 2463 exe-

204 2513 329 2574 untes,
350 2505 581 2581 saepissime
604 2523 682 2575 eas,
710 2523 806 2581 quae
829 2507 1064 2566 consonanti
1088 2507 1301 2567 finirentur.

302 2606 414 2665 Adhuc
436 2625 475 2665 ea
496 2607 655 2676 vocabula,
685 2624 813 2684 quorum
842 2605 1000 2664 clausulae
1023 2626 1061 2664 ex
1083 2605 1171 2664 metri
1194 2623 1302 2666 ueces-

205 2707 296 2765 sitate
318 2710 539 2784 producuntur,
558 2725 621 2766 non
636 2708 825 2784 respeximus
838 2703 876 2785 ᾖ);
899 2707 1055 2783 quaeritur
1077 2717 1177 2766 utrum
1200 2709 1301 2766 eidem

202 2809 262 2883 legi
284 2808 362 2867 haec
382 2827 507 2885 quoqne
530 2810 734 2868 succumbant
756 2827 796 2868 an
828 2809 922 2867 libere
950 2810 1086 2868 admissa
1114 2809 1184 2868 sint.
1220 2809 1301 2867 inter

204 2909 297 2967 verba
318 2909 391 2967 talia
413 2949 431 2968 a
445 2949 463 2968 c
478 2901 514 2988 [ἑ
533 2911 628 2969 semel
650 2912 737 2987 quod
758 2911 841 2968 brevi
861 2911 959 2970 vocali
980 2911 1081 2968 finitur
1104 2908 1145 2982 (v.
1162 2904 1247 2986 230),
1269 2911 1301 2967 in

206 3026 240 3069 αι
262 3010 360 3071 velot
382 3011 526 3069 exeuntia
549 3011 596 3070 bis
617 3005 675 3088 (vv.
699 3028 748 3073 22.
775 3008 856 3088 186),
879 3013 1063 3071 consonanti
1085 3010 1248 3069 terminata
1269 3011 1320 3092 in

204 3125 245 3169 20
263 3110 419 3187 ecphrasis
441 3112 579 3171 versibus
591 3114 636 3172 sic
647 3112 841 3183 adhibentur,
865 3122 898 3171 nt
919 3113 1056 3172 clausula
1078 3113 1159 3171 arsin
1181 3119 1297 3170 teneat.

205 3211 316 3269 eadem
336 3213 415 3270 ratio
437 3213 600 3272 intercedit
629 3214 710 3271 inter
731 3215 830 3273 varios
851 3215 950 3272 exitus
973 3214 1133 3272 verborum
1157 3259 1175 3269 .
1187 3252 1204 3271 a
1218 3252 1235 3271 a
1251 3207 1254 3290 Ι
1268 3208 1302 3282 ἑ,

304 3476 329 3548 1)
349 3479 464 3530 numeris
484 3477 640 3529 exilioribus
660 3479 796 3544 insignivi,
819 3495 888 3545 quac
916 3495 948 3530 ex
966 3480 1059 3530 Nonni
1078 3480 1301 3547 Dionysiacomm

201 3569 273 3620 libro
291 3569 377 3635 primo
395 3568 527 3633 congessi.

301 3658 327 3722 2)
346 3657 432 3718 omisi,
451 3672 519 3723 quae
538 3657 565 3706 in
583 3671 676 3707 versus
695 3657 815 3708 clausula
834 3665 984 3711 occurrunt.

303 3742 332 3814 3)
350 3746 562 3812 praepositiones
581 3733 749 3812 pyrrhicliiae
766 3761 877 3809 magnos
897 3746 948 3796 hos
967 3761 1091 3797 numeros
1111 3745 1237 3798 efficiunt.
1266 3746 1301 3798 cl.

201 3849 281 3900 supra
298 3849 324 3900 p.
341 3834 382 3898 38.
401 3833 425 3883 si
442 3833 575 3884 vocabula
592 3832 729 3884 trochaica
746 3835 865 3901 respicis,
891 3834 919 3884 in
941 3833 1017 3884 nullo
1036 3835 1144 3885 brevem
1164 3833 1300 3885 clausulae

198 3921 320 3972 vocalem
338 3922 367 3972 in
386 3922 439 3972 arsi
457 3922 614 3988 productam
632 3922 760 3974 invenies.

188 3999 193 4008 ’
300 4008 330 4078 4)
349 4011 372 4062 si
391 4010 491 4077 excipis
510 4026 557 4060 eos
575 4026 678 4078 versus,
695 4012 743 4062 ubi
760 4008 807 4064 stul
835 4011 873 4061 sic
898 4010 1049 4074 adhibetur,
1070 4010 1156 4065 multo
1178 4010 1295 4065 minores

201 4099 305 4150 numeri
321 4099 398 4160 liunt,
415 4114 484 4166 quos
502 4099 578 4149 uncis
595 4099 715 4151 inclusos
733 4099 835 4154 addidi.
1310 4079 1313 4090 ¹

304 4185 332 4258 s)
351 4188 385 4240 s·
404 4203 484 4257 sur·
500 4203 527 4257 ι».
545 4187 588 4254 ³⁶.
