3122 4904
793 289 828 360 4'6

360 467 393 550 a)
414 466 445 532 in
467 469 645 532 confiniis
661 473 938 541 vocabulorum,
957 468 1108 536 contineri
1121 485 1177 548 per
1192 487 1225 530 se
1241 463 1361 529 intelle-

261 576 350 654 gitur.
373 593 406 634 re
421 593 492 635 vera
507 577 590 654 apud
607 573 840 634 Christodorum
857 575 957 632 sexies
972 575 1002 630 in
1018 575 1078 632 arsi
1092 574 1130 643 ΙΙ,
1146 582 1193 631 ter
1203 574 1234 630 in
1247 573 1305 631 arsi
1316 571 1361 631 IV

260 697 329 738 eam
348 675 618 753 deprehendimus.
652 677 806 736 accedunt
826 677 858 732 in
880 676 940 733 arsi
962 676 1068 750 quinta
1089 671 1109 735 ὁ
1131 672 1205 749 πρὶν
1226 676 1273 733 bis
1299 669 1358 754 (vv.

263 796 310 854 24.
334 773 388 857 97)
410 787 442 836 et
463 797 490 836 ν.
511 793 563 850 151
590 774 762 852 ποδηνεκέῑ
782 773 876 854 χρόα,
899 777 1020 853 quibus,
1044 795 1114 834 cum
1135 778 1167 834 in
1179 777 1239 834 bac
1254 793 1358 836 versus

261 883 336 940 sede
357 881 456 938 brevis
472 879 585 937 vocalis
601 879 697 938 finalis
712 878 842 954 produci
856 895 920 935 non
935 877 1034 935 soleat
1048 875 1082 950 ¹),
1105 878 1259 952 singulare
1273 878 1360 952 liqui·

261 983 369 1040 darum
390 983 482 1040 robur
508 981 668 1056 insigniter
695 980 932 1038 demonstratur.
970 976 1258 1054 Correptionem
1277 979 1361 1035 atti·

262 1101 342 1142 cam
374 1099 454 1157 quae
477 1089 603 1138 vocatur
624 1081 656 1137 in
677 1080 815 1141 confiniis
837 1079 999 1135 verborum
1021 1077 1238 1137 Christodorus
1259 1077 1360 1136 Nonni

262 1177 389 1262 usum²)
420 1191 543 1241 secutus
568 1182 614 1239 bis
646 1183 679 1238 in
707 1181 790 1256 pede
811 1179 849 1248 ll,
882 1188 991 1256 quater
1023 1180 1055 1237 in
1085 1181 1168 1256 pede
1191 1180 1291 1249 tertio,
1315 1187 1360 1236 ter

263 1287 293 1342 in
316 1286 398 1360 pede
421 1286 528 1361 quinto
548 1283 687 1357 admisit;
711 1299 773 1358 qua
795 1282 835 1338 de
851 1298 945 1339 causa
966 1281 998 1338 ln
1019 1281 1119 1356 priore
1143 1289 1262 1339 tantum
1285 1281 1359 1342 dac·

265 1385 317 1459 tyli
333 1384 423 1454 thesi,
444 1399 596 1459 nusquam
619 1385 649 1442 in
669 1383 841 1459 posteriore
863 1382 922 1440 hac
942 1382 1066 1439 licentia
1088 1397 1161 1438 usus
1184 1381 1231 1449 sit,
1254 1399 1292 1437 ex
1315 1381 1360 1437 eis

237 1559 242 1568 ι
261 1494 349 1561 patet
370 1503 451 1561 quae
473 1501 571 1560 nuper
591 1484 747 1542 Hartelius
761 1483 787 1557 ³)
808 1483 927 1542 dehac
948 1484 1143 1558 correptione
1165 1483 1281 1541 docuit.

360 1580 452 1662 b)1n
474 1584 593 1642 verbis
627 1585 759 1641 mediis
792 1584 1023 1660 positionem
1057 1583 1222 1640 debilem
1243 1581 1360 1639 arsibus

262 1687 387 1763 quidem
399 1686 511 1762 ubique
522 1685 617 1742 libere
628 1686 807 1761 permissam
820 1701 890 1742 esse
909 1693 1152 1742 consentaneum
1170 1680 1260 1760 esr⁴).
1276 1669 1360 1740 'diffi-

262 1786 349 1846 cilius
363 1795 468 1846 autem
482 1795 532 1844 est
552 1786 689 1844 iudicare
711 1787 753 1843 de
773 1785 831 1844 hac
853 1786 1059 1861 productione
1074 1783 1212 1841 adbibita
1225 1784 1258 1840 in
1272 1783 1360 1843 thesi.
1402 1787 1405 1792 “

263 1888 295 1943 in
311 1887 464 1963 bisyllabis
475 1887 631 1946 vocabulis
647 1881 876 1962 Ludwichiuxl)
891 1886 1107 1944 animadvertit
1121 1885 1267 1962 syllabam
1281 1900 1362 1959 quae

266 1998 314 2047 est
329 1998 402 2047 ante
416 1996 533 2047 mutam
548 2005 617 2046 cum
634 1988 748 2063 liquida
762 2005 918 2062 nunquam
933 1988 1118 2062 productam
1133 2003 1203 2044 esse
1218 2005 1238 2044 a
1248 1985 1361 2043 Nonuo

265 2091 392 2172 eiusque
414 2089 632 2159 imitatoribus;
667 2089 752 2146 cuius
782 2089 826 2145 rei
852 2105 979 2146 causam
1002 2088 1146 2162 equidem
1167 2105 1206 2144 ex
1230 2085 1362 2162 spondei

266 2192 345 2249 inter
366 2190 453 2248 binas
470 2207 614 2248 caesuras
633 2189 786 2247 masculas
802 2189 875 2248 odio
886 2187 911 2260 ὅ)
931 2188 1134 2263 repetendam
1149 2205 1219 2245 esse
1235 2185 1361 2246 affirmo

265 2290 440 2366 Hilbergius
462 2291 504 2348 de
525 2289 584 2347 bac
605 2290 759 2365 positione
791 2291 855 2347 sive
877 2289 1031 2363 bisyllabis
1060 2288 1124 2346 slve
1148 2288 1278 2364 plurium
1300 2286 1359 2364 syl·

264 2393 402 2450 labarum
420 2392 547 2450 vocibus
566 2393 640 2450 data
662 2391 680 2452 l.
696 2392 714 2448 l.
729 2409 758 2466 p.
779 2405 838 2467 174
860 2390 941 2448 banc
962 2391 1062 2466 legem
1084 2390 1240 2468 proponit:
1263 2384 1361 2448 ‘Non-

264 2511 323 2551 nus
344 2494 374 2550 in
396 2493 476 2550 thesi
498 2493 684 2567 positionem
700 2493 834 2552 debilem
855 2493 935 2548 intra
949 2492 1042 2548 verba
1064 2491 1130 2566 ipsa
1152 2508 1216 2548 non
1237 2489 1360 2549 admisit

267 2593 324 2650 nisi
346 2593 427 2650 iniis
444 2591 570 2649 vocibus
595 2592 627 2666 a)
650 2609 730 2666 quae
751 2593 864 2649 omissa
886 2591 944 2649 hac
962 2592 1167 2667 productione
1190 2591 1314 2648 omnino
1329 2591 1360 2646 in

264 2710 384 2750 versum
406 2709 469 2750 non
491 2694 653 2767 quadrant,
689 2691 722 2767 b)
744 2708 825 2767 quae
849 2693 914 2751 sine
940 2709 978 2749 ea
1001 2693 1087 2749 initio
1116 2699 1235 2750 tantum
1256 2707 1361 2750 versus

265 2795 463 2861 conveniunt,
500 2793 531 2865 c)
554 2809 635 2868 quae
663 2793 783 2850 initium
816 2809 920 2850 versus
942 2785 1122 2867 occupant'.
1167 2800 1200 2850 at
1232 2792 1362 2865 primum

265 2910 367 2950 errore
389 2893 446 2951 sub
469 2892 500 2968 a)
523 2893 674 2952 vocabula
695 2893 769 2950 talia
790 2920 811 2950 e.
824 2911 865 2950 m.
881 2911 907 2953 c.
924 2893 941 2952 l.
957 2915 1008 2952 r„
1030 2900 1199 2970 enumerat,
1230 2907 1360 2967 quorum

265 2995 361 3070 prima
384 2993 508 3071 syllaba,
531 2995 652 3051 etiamsi
667 3012 730 3051 non
745 2994 975 3069 produceretur,
999 2994 1115 3069 optime
1137 2992 1169 3050 in
1187 2992 1287 3050 thesin
1300 2993 1362 3067 pri·

264 3113 357 3164 mam,
379 3095 558 3164 secundam,
589 3095 726 3169 quintam
748 3094 922 3169 quadraret.
956 3111 1121 3168 quamnam
1144 3090 1215 3150 v'ero
1236 3110 1275 3150 ex
1297 3105 1364 3149 ver·

265 3196 375 3254 borum
393 3195 507 3265 formis,
530 3213 607 3270 quas
629 3205 799 3264 enumerat,
823 3196 879 3253 sub
906 3193 941 3272 b)
964 3196 1078 3253 cadere
1100 3193 1180 3269 velit,
1203 3194 1296 3270 plane
1317 3195 1365 3253 in·

266 3297 369 3372 tellegi
402 3297 517 3373 nequit.
555 3314 759 3372 quaecunque
792 3296 852 3354 huc
882 3297 1038 3371 pertinent
1065 3313 1167 3372 neque
1198 3296 1237 3356 ab
1261 3295 1367 3354 Nonni

267 3398 445 3456 hexametro
478 3400 604 3456 omnino
637 3400 758 3458 alienae
791 3407 864 3456 sunt
894 3418 988 3457 unam
1019 3398 1168 3457 exhibent
1196 3413 1236 3454 ex
1267 3405 1367 3455 struc-

267 3502 342 3559 turis
364 3499 423 3559 his:

368 3788 394 3850 1)
413 3784 445 3834 ci.
465 3799 533 3851 quae
552 3799 630 3850 supra
648 3799 674 3850 p.
695 3795 728 3848 37
748 3783 868 3850 exposui.

366 3868 394 3939 2)
414 3871 446 3923 cl.
466 3871 631 3922 Scheindler.
650 3887 695 3939 qu.
713 3873 802 3924 Nona.
823 3887 849 3938 p.
868 3883 901 3934 24
912 3885 970 3937 sqq.

365 3959 393 4026 3)
412 3960 501 4010 studia
518 3960 643 4013 homerio.
662 3976 689 4026 p.
709 3960 742 4026 84
754 3977 812 4027 sqq.

365 4049 393 4113 4)
412 4048 445 4098 ci.
464 4048 629 4100 Scheindler.
646 4047 665 4102 l.
686 4047 706 4100 l.
724 4065 751 4115 p.
763 4049 806 4102 60.

367 4133 395 4203 5)
413 4135 431 4188 1·
451 4136 470 4188 ¹·
488 4152 514 4202 r·
534 4148 558 4199 9·
574 4149 616 4200 13·

366 4222 395 4293 6)
414 4224 447 4275 cf.
466 4239 546 4292 supra
563 4241 589 4292 p.
609 4235 651 4287 30.
