3122 4904
715 274 746 324 41

291 519 325 577 B.
363 521 408 578 de
437 520 594 595 syllabis
618 520 803 579 finalibus
825 521 861 578 in
883 519 1002 580 thesi
1025 522 1171 596 positis

284 680 306 738 l.
340 680 602 754 monosyllaba,

336 805 369 878 a)
392 805 416 862 si
438 805 556 862 vocali
578 805 681 862 brevi
695 805 904 874 terminantur,
917 813 948 862 et
961 825 980 863 a
994 804 1107 863 Nonno
1121 815 1152 864 et
1168 825 1186 864 a
1200 805 1285 864 Chri·

183 907 313 964 stodoro
346 907 377 963 in
408 905 488 963 thesi
520 907 692 981 spondiaca
719 907 814 963 vitata
846 914 931 964 sunt:
966 907 1117 984 excipitur
1149 907 1285 966 clausula
1385 904 1388 910 '

182 1025 298 1074 versus,
329 1007 381 1064 ubi
411 1007 514 1064 decies
540 1008 624 1082 apud
646 1005 888 1076 Christodorum,
921 1008 1074 1066 tredecies
1094 1007 1179 1084 ¹apud
1200 1008 1285 1066 Non·

183 1125 258 1164 num
275 1105 312 1168 δέ
334 1109 472 1183 legimus.

331 1229 365 1308 b)
388 1235 466 1292 siin
488 1251 521 1294 αι
543 1235 590 1292 vel
612 1251 643 1294 οι
665 1243 788 1304 exeunt,

185 1333 287 1391 thesin
310 1334 435 1410 longam
456 1335 546 1410 pedis
638 1333 662 1392 L
747 1335 785 1392 ll.
865 1335 917 1394 III.
981 1335 1035 1394 IV.
1093 1367 1134 1378 -
1183 1337 1270 1407 ,Vt

184 1437 269 1511 apud
291 1434 524 1494 Christodorum
547 1436 577 1492 in
639 1450 655 1492 2
744 1465 782 1476 -
868 1467 909 1478 -
998 1454 1009 1494 r
1226 1470 1262 1478 -

184 1538 268 1612 apud
290 1535 434 1595 Nonnum
455 1538 487 1594 in
639 1553 649 1593 1
753 1553 769 1594 2
882 1554 893 1594 r
996 1556 1007 1597 ι
1226 1571 1262 1580 -

183 1638 322 1697 versibus
345 1638 489 1698 efficiunt.
524 1639 636 1713 ubique
659 1638 778 1707 vocula,
802 1640 843 1697 de
866 1656 928 1714 qua
949 1640 1058 1714 agitur,
1080 1635 1132 1700 καί
1154 1649 1211 1698 est.

333 1761 364 1841 c)
385 1767 410 1822 si
432 1765 566 1823 breves
591 1774 712 1822 suntet
735 1767 963 1824 consonanti
986 1765 1142 1834 finiuntur,

184 1884 285 1942 thesin
301 1885 502 1960 spondiacam
523 1884 613 1959 pedis
634 1884 656 1944 1.
752 1884 788 1944 11.
873 1884 926 1942 ΠΙ.
995 1883 1048 1944 IV.
1129 1917 1165 1925 -
1233 1884 1285 1943 Vl.

183 1987 268 2060 apud
291 1983 524 2042 Christ-odorum
548 1985 580 2041 in
635 2001 650 2041 2
764 2000 774 2039 r
875 2013 916 2023 -
1017 2000 1027 2041 1
1251 1983 1271 2043 6
1354 1967 1358 1975 ’

183 2087 269 2162 apud
290 2084 435 2143 Nonnum
457 2085 488 2141 in
624 2114 663 2124 -
751 2115 789 2124 —
875 2113 914 2123 ·-
1003 2081 1073 2160 —¹)
1253 2103 1269 2143 2

182 2188 320 2246 versibus
343 2187 477 2262 explent.

336 2309 370 2388 d)
393 2313 469 2370 siin
491 2312 635 2386 syllabam
656 2319 766 2369 natura
787 2311 934 2386 longam
961 2312 1116 2382 desinunt,

181 2433 260 2490 haec
273 2431 374 2489 thesin
386 2431 586 2506 spondiacam
597 2450 626 2506 p.
649 2430 671 2491 1.
766 2430 804 2488 ll.
883 2430 935 2487 ΙΙΙ.
999 2430 1052 2489 IV.
1119 2463 1158 2472 —
1232 2433 1284 2492 Vl.

183 2534 268 2609 apud
291 2532 523 2592 Christodo'rum
544 2533 576 2589 in
650 2547 667 2605 5
770 2547 787 2588 2
887 2563 925 2572 —
1011 2550 1029 2607 3
1244 2553 1262 2610 3

182 2635 268 2709 apud
288 2633 434 2692 Nonnum
455 2635 487 2691 iu
635 2664 675 2674 -
760 2664 798 2673 -
885 2664 927 2673 —
1016 2650 1027 2690 1
1243 2635 1262 2694 8

182 2735 321 2792 versibus
346 2733 449 2791 efficit.
496 2723 498 2728 ¹

280 2861 319 2921 11.
352 2861 551 2936 bisyllaba,

182 2987 309 3056 propter
340 2979 435 3053 leges,
469 2995 547 3053 quas
580 2995 672 3053 supra
692 2997 723 3053 p.
747 2977 785 3034 28
803 2995 869 3054 sqq.
893 2979 1034 3054 exposui,
1056 2988 1178 3053 praeter
1200 2980 1282 3037 clau·

79 3069 83 3078 ⁸
182 3080 280 3138 sulam
311 3096 415 3137 versus
449 3081 479 3136 in
513 3080 580 3138 solo
614 3081 695 3154 pede
729 3081 825 3154 primo
857 3080 902 3138 sic
928 3079 1066 3138 adhiberi
1088 3089 1284 3155 possunt‚·ut

183 3183 284 3241 exitus
307 3199 414 3240 eorum
435 3183 559 3257 longam
580 3182 681 3240 thesin
704 3191 847 3259 occupet.

310 3296 341 3376 a)
364 3301 389 3358 si
404 3302 507 3358 brevi
522 3301 644 3358 vocali
660 3301 868 3368 terminantur,
883 3300 1020 3358 clausula
1032 3317 1189 3376 nunquam
1200 3302 1285 3376 apud

182 3400 365 3459 Nonnianos
387 3404 588 3478 spondiacam
610 3403 699 3478 pedis
721 3403 809 3478 primi
819 3399 844 3477 ²)
868 3402 969 3459 thesin
990 3395 1092 3460 eflicit.
1128 3401 1283 3477 ecphrasis

181 3519 262 3559 unus
284 3519 389 3560 versus
412 3502 452 3579 96
473 3503 545 3561 huic
570 3504 629 3578 legi
656 3505 770 3572 obstat,
805 3504 857 3560 ubi
879 3497 932 3564 ola
954 3497 1040 3576 Ζεύς
1067 3504 1180 3560 eadem
1202 3519 1283 3578 quae

181 3605 267 3679 apud
289 3603 459 3662 Homerum
481 3601 517 3675 0,
537 3618 576 3680 97
600 3605 729 3663 formula
751 3605 870 3680 legitur.
892 3613 1054 3680 praeterea
1075 3602 1167 3662 talem
1183 3603 1284 3661 thesin

186 3796 383 3804 ———

285 3920 391 3987 1)casu
417 3923 445 3971 in
474 3923 558 3988 primo
581 3923 804 3989 Dionysiacorum
833 3923 903 3972 libro
931 3923 995 3973 talia
1017 3924 1205 3990 monosyllaba
1229 3939 1283 3972 non

179 4009 363 4076 producuntur
374 4011 402 4060 iu
411 4010 481 4060 thesi
492 4011 651 4077 spondiaca:
672 4010 792 4076 exempla
810 4010 889 4061 huius
909 4028 973 4061 usus
984 4028 1047 4062 saue
1058 4028 1143 4078 pauca
1153 4011 1279 4062 Scheind·

180 4098 253 4147 lerus
273 4100 408 4162 congessit
427 4099 512 4150 annal.
533 4115 619 4166 gymn.
639 4100 772 4150 Austriac.
796 4100 863 4164 1879
882 4117 908 4168 p.
921 4113 974 4164 412
989 4117 1047 4167 sqq.

283 4187 311 4255 2)
331 4188 364 4238 de
385 4188 506 4238 clausula
526 4203 617 4238 versus
636 4188 705 4238 inira
724 4204 830 4239 seorsus
850 4203 933 4253 agam.
