<?xml version="1.0" encoding="UTF-8"?>
<!DOCTYPE html PUBLIC "-//W3C//DTD XHTML 1.0 Transitional//EN"
    "http://www.w3.org/TR/xhtml1/DTD/xhtml1-transitional.dtd">
<html xmlns="http://www.w3.org/1999/xhtml" xml:lang="en" lang="en">
 <head>
  <title>
</title>
<meta http-equiv="Content-Type" content="text/html;charset=utf-8" />
  <meta name='ocr-system' content='tesseract 3.04.00' />
  <meta name='ocr-capabilities' content='ocr_page ocr_carea ocr_par ocr_line ocrx_word'/>
</head>
<body>
  <div class='ocr_page' id='page_1' title='image "./dechristodoropo00baumgoog_0008.png"; bbox 0 0 3122 4904; ppageno 0'>
   <div class='ocr_carea' id='block_1_1' title="bbox 199 1491 1299 3591">
    <p class='ocr_par' dir='ltr' id='par_1_1' title="bbox 200 1491 1299 2884">
     <span class='ocr_line' id='line_1_1' title="bbox 305 1491 1298 1571; baseline -0.004 -19"><span class='ocrx_word' id='word_1_1' title='bbox 305 1495 340 1552; x_wconf 94' lang='lat' dir='ltr'><strong>In</strong></span> <span class='ocrx_word' id='word_1_2' title='bbox 353 1493 543 1552; x_wconf 88' lang='lat' dir='ltr'><strong>Christodori</strong></span> <span class='ocrx_word' id='word_1_3' title='bbox 556 1495 695 1571; x_wconf 91' lang='lat' dir='ltr'><strong>ecphrasi</strong></span> <span class='ocrx_word' id='word_1_4' title='bbox 706 1494 925 1570; x_wconf 90' lang='lat' dir='ltr'><strong>pertractanda</strong></span> <span class='ocrx_word' id='word_1_5' title='bbox 939 1492 1038 1549; x_wconf 90' lang='lat' dir='ltr'><strong>minus</strong></span> <span class='ocrx_word' id='word_1_6' title='bbox 1053 1508 1101 1548; x_wconf 89' lang='lat' dir='ltr'><strong>res</strong></span> <span class='ocrx_word' id='word_1_7' title='bbox 1118 1491 1298 1566; x_wconf 87' lang='lat' dir='ltr'><strong>descriptas,</strong></span> 
     </span>
     <span class='ocr_line' id='line_1_2' title="bbox 203 1591 1298 1672; baseline -0.001 -19"><span class='ocrx_word' id='word_1_8' title='bbox 203 1615 294 1672; x_wconf 92' lang='lat' dir='ltr'><strong>quam</strong></span> <span class='ocrx_word' id='word_1_9' title='bbox 316 1597 443 1653; x_wconf 85' lang='lat' dir='ltr'><strong>formam</strong></span> <span class='ocrx_word' id='word_1_10' title='bbox 456 1615 516 1671; x_wconf 91' lang='lat' dir='ltr'><strong>qua</strong></span> <span class='ocrx_word' id='word_1_11' title='bbox 529 1598 742 1654; x_wconf 88' lang='lat' dir='ltr'><strong>describuntur</strong></span> <span class='ocrx_word' id='word_1_12' title='bbox 765 1594 963 1652; x_wconf 91' lang='lat' dir='ltr'><strong>commentari</strong></span> <span class='ocrx_word' id='word_1_13' title='bbox 979 1594 1009 1650; x_wconf 90' lang='lat' dir='ltr'><strong>in</strong></span> <span class='ocrx_word' id='word_1_14' title='bbox 1026 1593 1128 1650; x_wconf 91' lang='lat' dir='ltr'><strong>animo</strong></span> <span class='ocrx_word' id='word_1_15' title='bbox 1150 1591 1222 1649; x_wconf 92' lang='lat' dir='ltr'><strong>mihi</strong></span> <span class='ocrx_word' id='word_1_16' title='bbox 1243 1602 1298 1653; x_wconf 91' lang='lat' dir='ltr'><strong>est.</strong></span> 
     </span>
     <span class='ocr_line' id='line_1_3' title="bbox 203 1693 1298 1772; baseline -0.005 -18"><span class='ocrx_word' id='word_1_17' title='bbox 203 1699 243 1754; x_wconf 94' lang='lat' dir='ltr'><strong>de</strong></span> <span class='ocrx_word' id='word_1_18' title='bbox 266 1697 323 1754; x_wconf 93' lang='lat' dir='ltr'><strong>illis</strong></span> <span class='ocrx_word' id='word_1_19' title='bbox 347 1714 427 1772; x_wconf 91' lang='lat' dir='ltr'><strong>quae</strong></span> <span class='ocrx_word' id='word_1_20' title='bbox 451 1698 491 1753; x_wconf 91' lang='lat' dir='ltr'><strong>ad</strong></span> <span class='ocrx_word' id='word_1_21' title='bbox 506 1696 753 1770; x_wconf 88' lang='lat' dir='ltr'><strong>archaeologiam</strong></span> <span class='ocrx_word' id='word_1_22' title='bbox 768 1695 923 1770; x_wconf 84' lang='lat' dir='ltr'><strong>pertinent</strong></span> <span class='ocrx_word' id='word_1_23' title='bbox 938 1693 987 1750; x_wconf 91' lang='lat' dir='ltr'><strong>alii</strong></span> <span class='ocrx_word' id='word_1_24' title='bbox 1002 1693 1063 1749; x_wconf 91' lang='lat' dir='ltr'><strong>iam</strong></span> <span class='ocrx_word' id='word_1_25' title='bbox 1079 1693 1298 1762; x_wconf 85' lang='lat' dir='ltr'>disseruerunt,</span> 
     </span>
     <span class='ocr_line' id='line_1_4' title="bbox 202 1793 1299 1870; baseline -0.002 -17"><span class='ocrx_word' id='word_1_26' title='bbox 202 1797 233 1853; x_wconf 93' lang='lat' dir='ltr'><strong>in</strong></span> <span class='ocrx_word' id='word_1_27' title='bbox 255 1796 336 1854; x_wconf 91' lang='lat' dir='ltr'><strong>hanc</strong></span> <span class='ocrx_word' id='word_1_28' title='bbox 357 1798 376 1856; x_wconf 90' lang='lat' dir='ltr'><strong>i.</strong></span> <span class='ocrx_word' id='word_1_29' title='bbox 398 1817 425 1855; x_wconf 91' lang='lat' dir='ltr'><strong>e.</strong></span> <span class='ocrx_word' id='word_1_30' title='bbox 449 1797 480 1854; x_wconf 94' lang='lat' dir='ltr'><strong>in</strong></span> <span class='ocrx_word' id='word_1_31' title='bbox 513 1814 577 1854; x_wconf 90' lang='lat' dir='ltr'><strong>rem</strong></span> <span class='ocrx_word' id='word_1_32' title='bbox 608 1798 765 1854; x_wconf 87' lang='lat' dir='ltr'><strong>metricam</strong></span> <span class='ocrx_word' id='word_1_33' title='bbox 796 1804 909 1870; x_wconf 90' lang='lat' dir='ltr'><strong>poetae</strong></span> <span class='ocrx_word' id='word_1_34' title='bbox 941 1803 972 1852; x_wconf 91' lang='lat' dir='ltr'><strong>et</strong></span> <span class='ocrx_word' id='word_1_35' title='bbox 995 1793 1118 1851; x_wconf 89' lang='lat' dir='ltr'><strong>dicendi</strong></span> <span class='ocrx_word' id='word_1_36' title='bbox 1148 1793 1299 1851; x_wconf 90' lang='lat' dir='ltr'><strong>rationem</strong></span> 
     </span>
     <span class='ocr_line' id='line_1_5' title="bbox 204 1895 1299 1973; baseline -0.002 -19"><span class='ocrx_word' id='word_1_37' title='bbox 204 1899 343 1955; x_wconf 91' lang='lat' dir='ltr'><strong>nondum</strong></span> <span class='ocrx_word' id='word_1_38' title='bbox 367 1906 509 1955; x_wconf 91' lang='lat' dir='ltr'><strong>accurate</strong></span> <span class='ocrx_word' id='word_1_39' title='bbox 531 1899 708 1973; x_wconf 89' lang='lat' dir='ltr'><strong>inquisitum</strong></span> <span class='ocrx_word' id='word_1_40' title='bbox 723 1915 792 1954; x_wconf 90' lang='lat' dir='ltr'><strong>esse</strong></span> <span class='ocrx_word' id='word_1_41' title='bbox 808 1896 908 1956; x_wconf 80' lang='lat' dir='ltr'><strong>vid&#39;e0.</strong></span> <span class='ocrx_word' id='word_1_42' title='bbox 945 1905 976 1952; x_wconf 92' lang='lat' dir='ltr'><strong>at</strong></span> <span class='ocrx_word' id='word_1_43' title='bbox 996 1913 1057 1970; x_wconf 93' lang='lat' dir='ltr'><strong>quo</strong></span> <span class='ocrx_word' id='word_1_44' title='bbox 1073 1895 1184 1952; x_wconf 89' lang='lat' dir='ltr'><strong>certius</strong></span> <span class='ocrx_word' id='word_1_45' title='bbox 1201 1895 1299 1952; x_wconf 91' lang='lat' dir='ltr'><strong>evinci</strong></span> 
     </span>
     <span class='ocr_line' id='line_1_6' title="bbox 202 1996 1299 2074; baseline 0 -19"><span class='ocrx_word' id='word_1_46' title='bbox 202 2007 308 2074; x_wconf 88' lang='lat' dir='ltr'><strong>potest</strong></span> <span class='ocrx_word' id='word_1_47' title='bbox 330 1996 563 2057; x_wconf 88' lang='lat' dir='ltr'><strong>Christodorum</strong></span> <span class='ocrx_word' id='word_1_48' title='bbox 584 2017 646 2056; x_wconf 92' lang='lat' dir='ltr'><strong>non</strong></span> <span class='ocrx_word' id='word_1_49' title='bbox 669 2007 732 2056; x_wconf 90' lang='lat' dir='ltr'><strong>tam</strong></span> <span class='ocrx_word' id='word_1_50' title='bbox 746 1999 779 2056; x_wconf 92' lang='lat' dir='ltr'><strong>id</strong></span> <span class='ocrx_word' id='word_1_51' title='bbox 802 1997 967 2066; x_wconf 87' lang='lat' dir='ltr'><strong>studuisse,</strong></span> <span class='ocrx_word' id='word_1_52' title='bbox 991 2005 1024 2054; x_wconf 91' lang='lat' dir='ltr'><strong>ut</strong></span> <span class='ocrx_word' id='word_1_53' title='bbox 1041 1998 1082 2054; x_wconf 92' lang='lat' dir='ltr'><strong>de</strong></span> <span class='ocrx_word' id='word_1_54' title='bbox 1098 1997 1206 2054; x_wconf 86' lang='lat' dir='ltr'><strong>statuis</strong></span> <span class='ocrx_word' id='word_1_55' title='bbox 1222 2013 1299 2071; x_wconf 91' lang='lat' dir='ltr'><strong>quas</strong></span> 
     </span>
     <span class='ocr_line' id='line_1_7' title="bbox 204 2098 1299 2174; baseline 0.001 -19"><span class='ocrx_word' id='word_1_56' title='bbox 204 2099 349 2157; x_wconf 84' lang='lat' dir='ltr'><strong>describit</strong></span> <span class='ocrx_word' id='word_1_57' title='bbox 374 2099 484 2156; x_wconf 90' lang='lat' dir='ltr'><strong>claram</strong></span> <span class='ocrx_word' id='word_1_58' title='bbox 506 2101 596 2157; x_wconf 93' lang='lat' dir='ltr'><strong>nobis</strong></span> <span class='ocrx_word' id='word_1_59' title='bbox 611 2100 766 2156; x_wconf 84' lang='lat' dir='ltr'><strong>evolveret</strong></span> <span class='ocrx_word' id='word_1_60' title='bbox 786 2099 960 2174; x_wconf 84' lang='lat' dir='ltr'><strong>imaginem,</strong></span> <span class='ocrx_word' id='word_1_61' title='bbox 984 2115 1076 2172; x_wconf 90' lang='lat' dir='ltr'><strong>quam</strong></span> <span class='ocrx_word' id='word_1_62' title='bbox 1100 2107 1134 2154; x_wconf 90' lang='lat' dir='ltr'><strong>ut</strong></span> <span class='ocrx_word' id='word_1_63' title='bbox 1156 2098 1299 2173; x_wconf 88' lang='lat' dir='ltr'><strong>sophisti-</strong></span> 
     </span>
     <span class='ocr_line' id='line_1_8' title="bbox 203 2199 1298 2274; baseline 0.001 -18"><span class='ocrx_word' id='word_1_64' title='bbox 203 2201 245 2257; x_wconf 90' lang='lat' dir='ltr'><strong>cis</strong></span> <span class='ocrx_word' id='word_1_65' title='bbox 269 2199 401 2257; x_wconf 89' lang='lat' dir='ltr'><strong>artificiis</strong></span> <span class='ocrx_word' id='word_1_66' title='bbox 424 2200 616 2274; x_wconf 87' lang='lat' dir='ltr'><strong>elegantibus</strong></span> <span class='ocrx_word' id='word_1_67' title='bbox 638 2201 772 2258; x_wconf 90' lang='lat' dir='ltr'><strong>numeris</strong></span> <span class='ocrx_word' id='word_1_68' title='bbox 805 2201 887 2258; x_wconf 92' lang='lat' dir='ltr'><strong>lecta</strong></span> <span class='ocrx_word' id='word_1_69' title='bbox 920 2201 1054 2274; x_wconf 91' lang='lat' dir='ltr'><strong>quadam</strong></span> <span class='ocrx_word' id='word_1_70' title='bbox 1083 2200 1219 2257; x_wconf 92' lang='lat' dir='ltr'><strong>dictione</strong></span> <span class='ocrx_word' id='word_1_71' title='bbox 1241 2218 1298 2257; x_wconf 90' lang='lat' dir='ltr'><strong>nos</strong></span> 
     </span>
     <span class='ocr_line' id='line_1_9' title="bbox 203 2301 1298 2377; baseline 0.001 -20"><span class='ocrx_word' id='word_1_72' title='bbox 203 2301 383 2369; x_wconf 90' lang='lat' dir='ltr'><strong>delectaret,</strong></span> <span class='ocrx_word' id='word_1_73' title='bbox 407 2317 445 2358; x_wconf 88' lang='lat' dir='ltr'><strong>eo</strong></span> <span class='ocrx_word' id='word_1_74' title='bbox 467 2301 565 2376; x_wconf 87' lang='lat' dir='ltr'><strong>magis</strong></span> <span class='ocrx_word' id='word_1_75' title='bbox 588 2301 685 2358; x_wconf 88' lang='lat' dir='ltr'><strong>forma</strong></span> <span class='ocrx_word' id='word_1_76' title='bbox 707 2301 868 2376; x_wconf 87' lang='lat' dir='ltr'><strong>poematis,</strong></span> <span class='ocrx_word' id='word_1_77' title='bbox 902 2301 1016 2377; x_wconf 88' lang='lat' dir='ltr'><strong>quippe</strong></span> <span class='ocrx_word' id='word_1_78' title='bbox 1046 2302 1095 2359; x_wconf 93' lang='lat' dir='ltr'><strong>cui</strong></span> <span class='ocrx_word' id='word_1_79' title='bbox 1116 2309 1211 2377; x_wconf 89' lang='lat' dir='ltr'><strong>poeta</strong></span> <span class='ocrx_word' id='word_1_80' title='bbox 1232 2301 1298 2376; x_wconf 89' lang='lat' dir='ltr'><strong>ipse</strong></span> 
     </span>
     <span class='ocr_line' id='line_1_10' title="bbox 200 2402 1299 2477; baseline 0.002 -20"><span class='ocrx_word' id='word_1_81' title='bbox 200 2402 362 2477; x_wconf 84' lang='lat' dir='ltr'><strong>plurimum</strong></span> <span class='ocrx_word' id='word_1_82' title='bbox 384 2402 533 2470; x_wconf 88' lang='lat' dir='ltr'><strong>tribuerit,</strong></span> <span class='ocrx_word' id='word_1_83' title='bbox 556 2402 693 2459; x_wconf 90' lang='lat' dir='ltr'><strong>studium</strong></span> <span class='ocrx_word' id='word_1_84' title='bbox 715 2411 853 2460; x_wconf 89' lang='lat' dir='ltr'><strong>nostrum</strong></span> <span class='ocrx_word' id='word_1_85' title='bbox 883 2404 922 2460; x_wconf 91' lang='lat' dir='ltr'><strong>ad</strong></span> <span class='ocrx_word' id='word_1_86' title='bbox 954 2419 987 2460; x_wconf 93' lang='lat' dir='ltr'><strong>se</strong></span> <span class='ocrx_word' id='word_1_87' title='bbox 1011 2402 1141 2462; x_wconf 87' lang='lat' dir='ltr'><strong>vocabit.</strong></span> <span class='ocrx_word' id='word_1_88' title='bbox 1176 2420 1245 2460; x_wconf 91' lang='lat' dir='ltr'><strong>cum</strong></span> <span class='ocrx_word' id='word_1_89' title='bbox 1267 2403 1299 2459; x_wconf 93' lang='lat' dir='ltr'><strong>in</strong></span> 
     </span>
     <span class='ocr_line' id='line_1_11' title="bbox 201 2503 1298 2576; baseline 0.002 -16"><span class='ocrx_word' id='word_1_90' title='bbox 201 2503 337 2561; x_wconf 87' lang='lat' dir='ltr'><strong>futilibus</strong></span> <span class='ocrx_word' id='word_1_91' title='bbox 359 2503 405 2560; x_wconf 93' lang='lat' dir='ltr'><strong>his</strong></span> <span class='ocrx_word' id='word_1_92' title='bbox 421 2504 698 2562; x_wconf 91' lang='lat' dir='ltr'><strong>declamationibus</strong></span> <span class='ocrx_word' id='word_1_93' title='bbox 715 2505 830 2561; x_wconf 91' lang='lat' dir='ltr'><strong>nullum</strong></span> <span class='ocrx_word' id='word_1_94' title='bbox 851 2505 923 2562; x_wconf 87' lang='lat' dir='ltr'><strong>insit</strong></span> <span class='ocrx_word' id='word_1_95' title='bbox 946 2504 1189 2576; x_wconf 85' lang='lat' dir='ltr'><strong>fundamentum,</strong></span> <span class='ocrx_word' id='word_1_96' title='bbox 1213 2505 1298 2562; x_wconf 87' lang='lat' dir='ltr'><strong>unde</strong></span> 
     </span>
     <span class='ocr_line' id='line_1_12' title="bbox 202 2605 1298 2680; baseline 0.004 -20"><span class='ocrx_word' id='word_1_97' title='bbox 202 2605 331 2679; x_wconf 85' lang='lat' dir='ltr'><strong>profecti</strong></span> <span class='ocrx_word' id='word_1_98' title='bbox 354 2605 429 2662; x_wconf 90' lang='lat' dir='ltr'><strong>certi</strong></span> <span class='ocrx_word' id='word_1_99' title='bbox 451 2605 605 2679; x_wconf 91' lang='lat' dir='ltr'><strong>quippiam</strong></span> <span class='ocrx_word' id='word_1_100' title='bbox 641 2606 766 2680; x_wconf 90' lang='lat' dir='ltr'><strong>assequi</strong></span> <span class='ocrx_word' id='word_1_101' title='bbox 798 2606 949 2680; x_wconf 90' lang='lat' dir='ltr'><strong>possimus</strong></span> <span class='ocrx_word' id='word_1_102' title='bbox 972 2607 1012 2662; x_wconf 91' lang='lat' dir='ltr'><strong>ad</strong></span> <span class='ocrx_word' id='word_1_103' title='bbox 1036 2606 1108 2662; x_wconf 87' lang='lat' dir='ltr'><strong>artis</strong></span> <span class='ocrx_word' id='word_1_104' title='bbox 1130 2606 1298 2664; x_wconf 87' lang='lat' dir='ltr'><strong>statuariae</strong></span> 
     </span>
     <span class='ocr_line' id='line_1_13' title="bbox 201 2689 1298 2783; baseline 0.003 -21"><span class='ocrx_word' id='word_1_105' title='bbox 201 2705 358 2764; x_wconf 89' lang='lat' dir='ltr'><strong>historiam</strong></span> <span class='ocrx_word' id='word_1_106' title='bbox 379 2689 633 2782; x_wconf 87' lang='lat' dir='ltr'><strong>promovendam,</strong></span> <span class='ocrx_word' id='word_1_107' title='bbox 657 2707 815 2765; x_wconf 86' lang='lat' dir='ltr'><strong>rhetoricis</strong></span> <span class='ocrx_word' id='word_1_108' title='bbox 842 2715 874 2764; x_wconf 91' lang='lat' dir='ltr'><strong>et</strong></span> <span class='ocrx_word' id='word_1_109' title='bbox 896 2707 1027 2765; x_wconf 91' lang='lat' dir='ltr'><strong>metricis</strong></span> <span class='ocrx_word' id='word_1_110' title='bbox 1051 2708 1207 2783; x_wconf 86' lang='lat' dir='ltr'><strong>ecphrasis</strong></span> <span class='ocrx_word' id='word_1_111' title='bbox 1229 2726 1298 2783; x_wconf 93' lang='lat' dir='ltr'><strong>pro·</strong></span> 
     </span>
     <span class='ocr_line' id='line_1_14' title="bbox 200 2806 1297 2884; baseline 0.005 -22"><span class='ocrx_word' id='word_1_112' title='bbox 200 2806 380 2881; x_wconf 90' lang='lat' dir='ltr'><strong>prietatibus</strong></span> <span class='ocrx_word' id='word_1_113' title='bbox 404 2806 517 2883; x_wconf 90' lang='lat' dir='ltr'><strong>saeculi</strong></span> <span class='ocrx_word' id='word_1_114' title='bbox 538 2807 694 2882; x_wconf 84' lang='lat' dir='ltr'><strong>ingenium</strong></span> <span class='ocrx_word' id='word_1_115' title='bbox 714 2808 868 2866; x_wconf 92' lang='lat' dir='ltr'><strong>luculente</strong></span> <span class='ocrx_word' id='word_1_116' title='bbox 888 2809 1028 2866; x_wconf 88' lang='lat' dir='ltr'><strong>illustrari</strong></span> <span class='ocrx_word' id='word_1_117' title='bbox 1049 2827 1141 2866; x_wconf 90' lang='lat' dir='ltr'><strong>nemo</strong></span> <span class='ocrx_word' id='word_1_118' title='bbox 1162 2809 1297 2884; x_wconf 90' lang='lat' dir='ltr'><strong>negabit.</strong></span> 
     </span>
    </p>

    <p class='ocr_par' dir='ltr' id='par_1_2' title="bbox 199 2893 1298 3390">
     <span class='ocr_line' id='line_1_15' title="bbox 299 2893 1298 2985; baseline 0.008 -23"><span class='ocrx_word' id='word_1_119' title='bbox 299 2907 335 2963; x_wconf 94' lang='lat' dir='ltr'><strong>ln</strong></span> <span class='ocrx_word' id='word_1_120' title='bbox 357 2906 567 2980; x_wconf 87' lang='lat' dir='ltr'><strong>disputatione</strong></span> <span class='ocrx_word' id='word_1_121' title='bbox 594 2915 700 2965; x_wconf 89' lang='lat' dir='ltr'><strong>nostra</strong></span> <span class='ocrx_word' id='word_1_122' title='bbox 733 2909 873 2966; x_wconf 89' lang='lat' dir='ltr'><strong>ordinem</strong></span> <span class='ocrx_word' id='word_1_123' title='bbox 906 2909 1009 2984; x_wconf 90' lang='lat' dir='ltr'><strong>placet</strong></span> <span class='ocrx_word' id='word_1_124' title='bbox 1039 2909 1121 2967; x_wconf 91' lang='lat' dir='ltr'><strong>hunc</strong></span> <span class='ocrx_word' id='word_1_125' title='bbox 1143 2893 1240 2985; x_wconf 89' lang='lat' dir='ltr'><strong>sequi,</strong></span> <span class='ocrx_word' id='word_1_126' title='bbox 1263 2920 1298 2970; x_wconf 90' lang='lat' dir='ltr'><strong>ut</strong></span> 
     </span>
     <span class='ocr_line' id='line_1_16' title="bbox 201 3007 1298 3083; baseline 0.006 -21"><span class='ocrx_word' id='word_1_127' title='bbox 201 3007 299 3082; x_wconf 87' lang='lat' dir='ltr'><strong>primo</strong></span> <span class='ocrx_word' id='word_1_128' title='bbox 323 3008 423 3082; x_wconf 86' lang='lat' dir='ltr'><strong>capite</strong></span> <span class='ocrx_word' id='word_1_129' title='bbox 446 3025 648 3083; x_wconf 90' lang='lat' dir='ltr'><strong>quaecunque</strong></span> <span class='ocrx_word' id='word_1_130' title='bbox 679 3011 720 3066; x_wconf 92' lang='lat' dir='ltr'><strong>ad</strong></span> <span class='ocrx_word' id='word_1_131' title='bbox 750 3010 973 3068; x_wconf 91' lang='lat' dir='ltr'><strong>aestimandam</strong></span> <span class='ocrx_word' id='word_1_132' title='bbox 995 3011 1132 3068; x_wconf 91' lang='lat' dir='ltr'><strong>indolem</strong></span> <span class='ocrx_word' id='word_1_133' title='bbox 1152 3020 1184 3068; x_wconf 89' lang='lat' dir='ltr'><strong>et</strong></span> <span class='ocrx_word' id='word_1_134' title='bbox 1205 3011 1298 3069; x_wconf 89' lang='lat' dir='ltr'><strong>fidem</strong></span> 
     </span>
     <span class='ocr_line' id='line_1_17' title="bbox 199 3109 1296 3186; baseline 0.004 -20"><span class='ocrx_word' id='word_1_135' title='bbox 199 3109 289 3167; x_wconf 88' lang='lat' dir='ltr'><strong>huius</strong></span> <span class='ocrx_word' id='word_1_136' title='bbox 322 3111 477 3186; x_wconf 90' lang='lat' dir='ltr'><strong>ecphrasis</strong></span> <span class='ocrx_word' id='word_1_137' title='bbox 511 3131 548 3169; x_wconf 83' lang='lat' dir='ltr'><strong>ex</strong></span> <span class='ocrx_word' id='word_1_138' title='bbox 582 3129 640 3170; x_wconf 90' lang='lat' dir='ltr'><strong>usu</strong></span> <span class='ocrx_word' id='word_1_139' title='bbox 673 3129 742 3170; x_wconf 89' lang='lat' dir='ltr'><strong>esse</strong></span> <span class='ocrx_word' id='word_1_140' title='bbox 776 3113 937 3170; x_wconf 91' lang='lat' dir='ltr'><strong>videantur</strong></span> <span class='ocrx_word' id='word_1_141' title='bbox 969 3113 1100 3170; x_wconf 89' lang='lat' dir='ltr'><strong>breviter</strong></span> <span class='ocrx_word' id='word_1_142' title='bbox 1121 3121 1296 3181; x_wconf 76' lang='lat' dir='ltr'><strong>tractemuS,</strong></span> 
     </span>
     <span class='ocr_line' id='line_1_18' title="bbox 199 3203 1296 3290; baseline 0.003 -22"><span class='ocrx_word' id='word_1_143' title='bbox 199 3203 296 3269; x_wconf 86' lang='lat' dir='ltr'><strong>fusius</strong></span> <span class='ocrx_word' id='word_1_144' title='bbox 320 3212 435 3270; x_wconf 91' lang='lat' dir='ltr'><strong>deinde</strong></span> <span class='ocrx_word' id='word_1_145' title='bbox 470 3213 570 3288; x_wconf 90' lang='lat' dir='ltr'><strong>capite</strong></span> <span class='ocrx_word' id='word_1_146' title='bbox 604 3213 701 3271; x_wconf 90' lang='lat' dir='ltr'><strong>altero</strong></span> <span class='ocrx_word' id='word_1_147' title='bbox 734 3217 775 3271; x_wconf 93' lang='lat' dir='ltr'><strong>de</strong></span> <span class='ocrx_word' id='word_1_148' title='bbox 802 3233 834 3271; x_wconf 90' lang='lat' dir='ltr'><strong>re</strong></span> <span class='ocrx_word' id='word_1_149' title='bbox 860 3215 996 3283; x_wconf 89' lang='lat' dir='ltr'><strong>metrica,</strong></span> <span class='ocrx_word' id='word_1_150' title='bbox 1020 3215 1120 3290; x_wconf 89' lang='lat' dir='ltr'><strong>capite</strong></span> <span class='ocrx_word' id='word_1_151' title='bbox 1143 3215 1232 3272; x_wconf 90' lang='lat' dir='ltr'><strong>tertio</strong></span> <span class='ocrx_word' id='word_1_152' title='bbox 1256 3216 1296 3271; x_wconf 93' lang='lat' dir='ltr'><strong>de</strong></span> 
     </span>
     <span class='ocr_line' id='line_1_19' title="bbox 200 3310 774 3390; baseline 0.009 -21"><span class='ocrx_word' id='word_1_153' title='bbox 200 3312 336 3369; x_wconf 91' lang='lat' dir='ltr'><strong>dictione</strong></span> <span class='ocrx_word' id='word_1_154' title='bbox 360 3310 550 3370; x_wconf 88' lang='lat' dir='ltr'><strong>Christodori</strong></span> <span class='ocrx_word' id='word_1_155' title='bbox 573 3331 774 3390; x_wconf 88' lang='lat' dir='ltr'><strong>exponamus.</strong></span> 
     </span>
    </p>

    <p class='ocr_par' dir='ltr' id='par_1_3' title="bbox 200 3411 1297 3591">
     <span class='ocr_line' id='line_1_20' title="bbox 299 3411 1297 3494; baseline 0.008 -26"><span class='ocrx_word' id='word_1_156' title='bbox 299 3411 363 3469; x_wconf 90' lang='lat' dir='ltr'><strong>Sed</strong></span> <span class='ocrx_word' id='word_1_157' title='bbox 396 3413 497 3470; x_wconf 85' lang='lat' dir='ltr'><strong>facere</strong></span> <span class='ocrx_word' id='word_1_158' title='bbox 531 3432 593 3471; x_wconf 92' lang='lat' dir='ltr'><strong>non</strong></span> <span class='ocrx_word' id='word_1_159' title='bbox 625 3431 755 3490; x_wconf 88' lang='lat' dir='ltr'><strong>possum·</strong></span> <span class='ocrx_word' id='word_1_160' title='bbox 784 3417 867 3492; x_wconf 80' lang='lat' dir='ltr'><strong>quin,</strong></span> <span class='ocrx_word' id='word_1_161' title='bbox 901 3418 1078 3494; x_wconf 89' lang='lat' dir='ltr'><strong>priusquam</strong></span> <span class='ocrx_word' id='word_1_162' title='bbox 1107 3419 1148 3477; x_wconf 94' lang='lat' dir='ltr'><strong>ad</strong></span> <span class='ocrx_word' id='word_1_163' title='bbox 1178 3418 1297 3493; x_wconf 92' lang='lat' dir='ltr'><strong>singula</strong></span> 
     </span>
     <span class='ocr_line' id='line_1_21' title="bbox 200 3512 1297 3591; baseline 0.005 -23"><span class='ocrx_word' id='word_1_164' title='bbox 200 3512 401 3580; x_wconf 88' lang='lat' dir='ltr'><strong>descendam,</strong></span> <span class='ocrx_word' id='word_1_165' title='bbox 426 3513 539 3586; x_wconf 85' lang='lat' dir='ltr'><strong>gratias</strong></span> <span class='ocrx_word' id='word_1_166' title='bbox 563 3532 653 3590; x_wconf 85' lang='lat' dir='ltr'><strong>agam</strong></span> <span class='ocrx_word' id='word_1_167' title='bbox 675 3534 767 3591; x_wconf 91' lang='lat' dir='ltr'><strong>quam</strong></span> <span class='ocrx_word' id='word_1_168' title='bbox 788 3520 935 3577; x_wconf 87' lang='lat' dir='ltr'><strong>maximas</strong></span> <span class='ocrx_word' id='word_1_169' title='bbox 958 3519 1149 3576; x_wconf 87' lang='lat' dir='ltr'><strong>Buechelero</strong></span> <span class='ocrx_word' id='word_1_170' title='bbox 1172 3527 1204 3576; x_wconf 87' lang='lat' dir='ltr'><strong>et</strong></span> <span class='ocrx_word' id='word_1_171' title='bbox 1228 3517 1297 3576; x_wconf 89' lang='lat' dir='ltr'><strong>Stu-</strong></span> 
     </span>
    </p>
   </div>
   <div class='ocr_carea' id='block_1_2' title="bbox 198 3612 1296 3790">
    <p class='ocr_par' dir='ltr' id='par_1_4' title="bbox 198 3612 1296 3790">
     <span class='ocr_line' id='line_1_22' title="bbox 199 3612 1296 3689; baseline 0.005 -19"><span class='ocrx_word' id='word_1_172' title='bbox 199 3612 379 3680; x_wconf 90' lang='lat' dir='ltr'><strong>demundio,</strong></span> <span class='ocrx_word' id='word_1_173' title='bbox 412 3612 482 3670; x_wconf 89' lang='lat' dir='ltr'><strong>viris</strong></span> <span class='ocrx_word' id='word_1_174' title='bbox 516 3632 586 3672; x_wconf 92' lang='lat' dir='ltr'><strong>cum</strong></span> <span class='ocrx_word' id='word_1_175' title='bbox 619 3616 659 3672; x_wconf 90' lang='lat' dir='ltr'><strong>de</strong></span> <span class='ocrx_word' id='word_1_176' title='bbox 690 3621 830 3679; x_wconf 91' lang='lat' dir='ltr'><strong>universa</strong></span> <span class='ocrx_word' id='word_1_177' title='bbox 857 3639 926 3678; x_wconf 90' lang='lat' dir='ltr'><strong>mea</strong></span> <span class='ocrx_word' id='word_1_178' title='bbox 949 3620 1145 3689; x_wconf 90' lang='lat' dir='ltr'><strong>educatione,</strong></span> <span class='ocrx_word' id='word_1_179' title='bbox 1168 3628 1232 3677; x_wconf 90' lang='lat' dir='ltr'><strong>tum</strong></span> <span class='ocrx_word' id='word_1_180' title='bbox 1256 3621 1296 3677; x_wconf 90' lang='lat' dir='ltr'><strong>de</strong></span> 
     </span>
     <span class='ocr_line' id='line_1_23' title="bbox 198 3711 806 3790; baseline 0.016 -22"><span class='ocrx_word' id='word_1_181' title='bbox 198 3711 259 3769; x_wconf 93' lang='lat' dir='ltr'><strong>hoc</strong></span> <span class='ocrx_word' id='word_1_182' title='bbox 282 3729 352 3770; x_wconf 89' lang='lat' dir='ltr'><strong>meo</strong></span> <span class='ocrx_word' id='word_1_183' title='bbox 375 3714 523 3787; x_wconf 89' lang='lat' dir='ltr'><strong>opusculo</strong></span> <span class='ocrx_word' id='word_1_184' title='bbox 546 3716 661 3790; x_wconf 91' lang='lat' dir='ltr'><strong>optime</strong></span> <span class='ocrx_word' id='word_1_185' title='bbox 683 3721 806 3778; x_wconf 88' lang='lat' dir='ltr'><strong>meritis.</strong></span> 
     </span>
    </p>
   </div>
   <div class='ocr_carea' id='block_1_3' title="bbox 0 0 1566 4904">
    <p class='ocr_par' dir='ltr' id='par_1_5' title="bbox 0 0 1566 4904">
     <span class='ocr_line' id='line_1_24' title="bbox 0 0 1566 4904; baseline 0 1"><span class='ocrx_word' id='word_1_186' title='bbox 0 0 1566 4904; x_wconf 95' lang='lat' dir='ltr'><strong> </strong></span> 
     </span>
    </p>
   </div>
  </div>
 </body>
</html>
