3122 4904
707 271 739 329 31

176 441 331 502 accedunt
356 455 393 502 ιε
416 437 463 518 (3)
486 458 601 515 versus,
624 441 676 498 ubi
698 441 775 498 elisa
792 447 864 516 post
879 439 1053 515 spondeum
1075 439 1165 516 pedis
1186 437 1275 516 primi

177 545 295 622 legitur.
340 546 380 602 de
413 561 475 602 uno
497 559 587 602 versu
609 559 655 619 39
672 543 839 611 dubitatur,
870 543 949 599 sitne
968 542 999 600 in
1020 544 1103 617 pede
1124 544 1215 600 tertio
1239 540 1275 602 δὲ

178 642 314 724 βιάζετο,
348 647 434 721 quod
464 648 568 704 codex
588 641 745 704 Palatinus
766 643 905 720 praebet,
937 663 977 702 an
1012 645 1099 719 quod
1120 643 1276 702 Planudes

177 743 206 807 δ’
229 743 375 824 ἐβιάζετο
408 748 618 821 scribendum
653 747 728 804 illud
750 739 901 822 Tiedke1)
932 753 967 802 ut
992 733 1064 802 mihi
1086 746 1212 821 quidem
1234 747 1277 803 vi·

179 850 270 907 detur
291 850 417 924 optimo
426 849 491 906 iure
523 857 631 906 contra
653 843 914 923 Schaindlerum2)
946 847 1097 916 defendit,
1131 848 1276 922 quoniam

178 951 223 1008 sic
244 961 374 1009 caesura
396 951 501 1007 existit
520 950 610 1025 pedis
632 949 714 1006 tertii
736 948 901 1008 trochaica.

279 1043 363 1110 ἀλλά
394 1051 553 1108 elisionem
586 1051 699 1126 patitur
731 1049 763 1107 in
796 1050 856 1106 arsi
888 1051 1004 1124 pedum
1024 1050 1049 1118 Ι,
1071 1049 1109 1120 ΙΙ,
1132 1049 1162 1106 V
1182 1049 1214 1107 in
1238 1065 1277 1122 24

180 1145 371 1210 christodori
390 1151 537 1220 versibus,
560 1151 656 1209 semel
678 1169 705 1208 v.
727 1165 788 1224 329
811 1150 842 1207 ln
863 1150 944 1208 thesi
966 1151 1055 1226 pedis
1077 1150 1242 1224 alterius⁸).

281 1247 869 1323 offlfflmfflstmmfflw

280 1346 328 1414 ἐπ’
355 1354 449 1411 semel
481 1354 513 1412 in
545 1355 716 1430 posteriore
748 1353 830 1412 thesi
860 1355 949 1429 pedis
971 1354 1010 1422 II,
1042 1354 1089 1412 bis
1114 1355 1144 1411 in
1167 1356 1279 1413 eadem

180 1453 262 1512 thesi
281 1455 371 1530 pedis
394 1455 474 1512 tertii
495 1456 635 1514 occurrit.
664 1446 745 1512 item
764 1456 899 1531 reliquae
922 1456 1178 1531 praepositiones,
1202 1474 1279 1531 quas

180 1564 413 1614 enumeraturus
434 1573 511 1625 sum,
535 1557 566 1614 in
586 1558 757 1632 posteriore
779 1558 866 1616 thesi>
881 1559 1006 1616 elisione
1028 1557 1215 1616 afficiuntur:

279 1651 345 1718 ἀπό
368 1659 462 1716 semel
483 1659 514 1715 in
536 1659 620 1733 pede
640 1659 692 1719 111.

278 1753 367 1833 παρά
388 1759 436 1816 bis
458 1758 583 1820 ibidem.

280 1855 362 1920 κατά
385 1860 480 1917 semel
502 1859 535 1917 in
556 1863 639 1936 pede
661 1860 695 1931 1,
727 1861 822 1918 semel
848 1860 880 1917 in
900 1861 984 1936 pede
1006 1860 1106 1918 tertio.
1145 1860 1281 1936 denique

182 1955 246 2037 ἄρα
269 1962 364 2020 semel
387 1962 418 2020 in
441 1959 521 2020 thesi
544 1961 660 2035 quinta.

283 2061 394 2138 Itaque
417 2071 470 2121 aut
492 2063 524 2120 in
546 2063 616 2132 arsi,
639 2063 743 2120 autin
765 2062 844 2120 thesi
865 2062 1034 2137 posteriore
1059 2062 1115 2120 has
1139 2062 1281 2121 elisiones

182 2163 336 2222 adhibitas
359 2163 512 2233 videmus,
543 2164 601 2222 nisi
626 2165 712 2238 quod
733 2160 769 2224 δέ
792 2163 907 2238 septies
929 2171 1001 2238 post
1028 2163 1159 2238 priorem
1182 2163 1283 2222 thesin

183 2263 405 2340 apostrophum
426 2265 542 2340 patitur
553 2259 588 2338 ⁴).
611 2265 642 2320 in
657 2264 725 2323 loco
745 2281 892 2322 caesurae
906 2265 1111 2333 necessariae,
1133 2265 1151 2324 i.
1168 2282 1195 2322 e.
1211 2273 1284 2339 post

181 2366 265 2423 arsin
286 2374 339 2423 aut
359 2367 492 2441 priorem
515 2364 615 2424 thesin
644 2366 733 2440 pedis
764 2365 846 2422 tertii
879 2365 1023 2423 elisiones
1049 2364 1143 2440 plane
1168 2366 1283 2423 vitatae

182 2476 263 2527 sunt.

284 2567 320 2624 ln
334 2567 457 2626 duobus
473 2566 610 2624 versibus
619 2564 838 2640 Christodorus
860 2566 1004 2624 elisiones
1020 2565 1146 2622 admisit
1167 2564 1284 2623 alienas

183 2668 224 2724 ab
248 2685 305 2726 usu
327 2666 431 2726 Nonni

284 2784 374 2826 ν.ιο
416 2763 516 2844 ὑψόσ’
539 2762 646 2844 ἄειρεν
690 2777 721 2826 et

141 2941 144 2948 .
284 2887 310 2929 v.
334 2867 373 2926 86
416 2865 546 2944 Χρύσης
566 2869 594 2930 δ’
617 2863 688 2930 αὖθ’
709 2863 826 2944 ἱερεύς.

184 2978 218 3026 at
240 2969 301 3027 illic
324 2970 483 3028 formulam
504 2970 692 3028 homericam
714 2966 766 3045 (cf.
789 2969 828 3038 K,
844 2981 917 3042 405.
940 2967 979 3037 Y,
996 2981 1067 3042 325,
1090 2985 1109 3038 ι,
1128 2982 1198 3040 240,
1214 2981 1286 3040 340.

184 3087 217 3146 μ,
243 3065 318 3146 249)
348 3079 444 3146 poeta
477 3069 628 3146 adhibuit,
662 3069 711 3128 hic
743 3077 843 3126 totum
876 3067 1102 3126 hemistichium
1128 3085 1166 3125 ex
1188 3066 1286 3125 Iliade

186 3169 239 3247 (A,
255 3170 333 3246 370)
356 3171 512 3230 derivavit.

286 3269 413 3329 Praeter
443 3289 496 3330 eas
531 3272 683 3342 elisiones,
717 3288 794 3347 quas
827 3290 865 3329 ex
896 3270 1098 3329 Christodoro
1132 3269 1286 3345 congessi,

185 3373 260 3430 alias
293 3373 444 3447 quasdam
474 3367 545 3449 (ὅτ’,
567 3373 648 3447 ποτ’,
683 3367 762 3448 μήτ’,
796 3366 861 3448 εἴτ’,
894 3367 1009 3446 οὐκέτ’,
1037 3366 1088 3446 ἵν’,
1120 3366 1197 3439 ἔνθ’,
1220 3365 1287 3448 ὧδ’,

185 3465 277 3547 ἀμφ’,
312 3467 390 3548 ἀντ’,
413 3470 462 3548 δι’,
497 3469 573 3549 μετ’,
606 3467 674 3550 ὑπ’)
707 3473 838 3532 Nonnus
871 3471 1005 3540 exhibet,
1039 3487 1116 3545 quas
1141 3471 1174 3527 in
1204 3470 1286 3526 brevi

186 3572 328 3649 ecphrasi
350 3591 412 3631 non
434 3574 509 3632 item
530 3575 658 3631 inveniri
678 3591 742 3631 non
757 3572 894 3631 mirabile
917 3580 979 3640 est;
1001 3570 1138 3646 requiras
1160 3569 1288 3628 forsitan

187 3745 385 3756 u———ss—

292 3842 314 3902 1)
333 3841 450 3890 Hermae
469 3846 532 3890 torn.
550 3839 615 3890 XV.
636 3855 663 3905 p.
682 3849 743 3903 435.

292 3926 319 3996 2)
339 3927 425 3979 annal.
446 3943 564 3993 gymnas.
584 3927 717 3978 Austriac.
739 3925 806 3989 1879
825 3942 851 3991 p.
862 3925 914 3991 428
925 3941 964 3992 sq.

292 4014 320 4084 3)
339 4017 371 4068 ci.
391 4017 481 4068 Noun.
500 4013 532 4075 Θ,
553 4016 595 4078 63.

289 4103 319 4172 4)
338 4106 371 4158 cf.
400 4119 468 4172 quae
484 4103 615 4154 Ludwich
642 4104 670 4154 in
694 4104 764 4153 Mus.
784 4101 875 4153 Rheu.
893 4108 912 4155 t.
931 4101 1047 4152 XXXV
1065 4117 1090 4167 p.
1108 4109 1159 4165 500
1175 4114 1234 4164 sqq.
1255 4097 1289 4146 de

191 4191 244 4242 hac
262 4208 291 4242 re
310 4194 444 4262 exposuit.
