3122 4904
712 317 743 371 33

178 485 386 560 exemplorum
409 499 553 541 numerus
576 482 743 540 ce'riissime
763 482 880 539 indicat
901 481 932 538 in
956 483 1128 540 universum
1152 481 1278 542 vitatum

179 605 250 644 eum
272 604 342 644 esse
363 595 580 661 praeterquam
602 585 633 640 in
656 584 791 641 formulis
820 585 1004 659 quibusdam
1034 588 1188 643 communi
1220 605 1277 644 usu

178 688 301 747 sanctis.
324 705 362 743 ex
385 685 584 743 Christodoro
606 683 667 741 huc
688 685 855 758 pertinent:

277 807 304 845 v.
330 805 353 846 r.
387 782 555 866 ἐϋγλύπτῳ
578 781 629 844 ἐπὶ
652 785 749 864 βωμῷ
782 802 851 842 cum
884 783 970 842 hiatu
998 786 1029 842 in
1054 789 1136 861 pede
1159 789 1276 862 quinto

178 889 216 948 ci.
239 888 389 946 simillima
412 888 496 961 apud
518 886 688 943 Homerum
705 880 747 960 (η,
776 883 845 958 100)
870 883 1107 958 Triphiodorum
1130 887 1189 958 (vv.
1205 903 1276 961 445.

178 987 266 1062 446.)
282 987 410 1045 Paulum
426 987 630 1045 Silentiarium
643 983 778 1061 (ambon.
803 981 929 1057 v.-131).
953 985 1003 1042 hic
1025 996 1056 1042 et
1074 986 1152 1044 infra
1176 1005 1202 1043 v.
1220 1002 1274 1062 177

176 1089 365 1165 praepositio
388 1088 544 1163 proclitice
570 1104 640 1144 cum
671 1087 821 1143 vocabulo
852 1087 1027 1159 insequenti
1047 1087 1151 1145 iuncta
1173 1087 1276 1158 elficit,

133 1213 134 1216 ¹
178 1200 211 1248 ut
232 1192 364 1259 vocales,
387 1191 418 1246 in
442 1189 551 1264 quibus
567 1188 668 1245 hiatus
689 1189 779 1256 inest,
803 1187 894 1262 paulo
916 1189 1014 1262 magis
1032 1187 1276 1263 seiungantur¹).

276 1311 303 1351 v.
331 1306 397 1366 135.
431 1285 467 1351 εὖ
496 1285 591 1363 εἰδώς
624 1290 654 1345 in
682 1289 768 1345 initio
800 1305 915 1357 versuS,
950 1307 1042 1364 quam
1064 1289 1191 1348 Homeri
1219 1291 1278 1348 for-

177 1394 292 1451 mulam
313 1393 443 1450 Nonnus
470 1409 596 1467 quoqne
623 1384 732 1468 (Dion.
751 1391 774 1458 Ι,
799 1389 833 1466 8)
855 1389 1005 1459 adhibuit,
1028 1399 1189 1468 praeterea
1212 1394 1278 1451 Tri-

176 1495 346 1568 phiodorus
369 1513 396 1554 v.
424 1510 490 1570 173.

275 1614 302 1653 v.
331 1610 398 1670 177.
428 1591 593 1676 ἀφωνήτῳ
611 1591 659 1655 ἐνὶ
676 1589 789 1674 κόσμῳ
811 1609 882 1650 cum
904 1591 989 1651 hiatu
1011 1594 1042 1650 in
1063 1596 1145 1669 pede
1161 1595 1277 1670 quinto.

177 1695 317 1753 conferas
341 1695 536 1771 Triphiodori
559 1714 586 1756 v.
612 1693 681 1770 296.

275 1813 301 1855 v.
325 1809 395 1867 251.
430 1791 600 1877 ἀχνυμένῳ
620 1791 801 1869 ἐναλίγκιος
823 1804 896 1854 etv.
912 1808 972 1868 335
990 1789 1081 1873 ἀλαῷ
1097 1790 1276 1870 ἐναλίγκιος

177 1897 208 1952 in
229 1898 288 1954 arsi
310 1898 399 1971 pedis
421 1899 511 1966 tertii,
534 1898 586 1954 ubi
608 1905 733 1973 propter
756 1913 914 1954 caesuram
938 1897 1087 1954 vocalium
1108 1914 1275 1954 concursus

176 1998 276 2054 minus
306 2000 347 2055 ad
375 2016 464 2056 aures
487 1999 609 2058 accidit.
647 1997 842 2055 nihilominus
866 1998 977 2055 frustra
997 1998 1105 2055 similia
1127 1999 1158 2055 in
1172 1997 1276 2056 Nonni

175 2100 362 2157 carminibus
385 2101 521 2174 quaesivi
531 2099 567 2176 ²).

276 2201 353 2258 Tres
379 2203 438 2259 loci
456 2203 620 2272 accedunt,
654 2203 705 2260 ubi
727 2202 910 2260 vocabulum
932 2202 963 2258 in
985 2200 1070 2258 hiatu
1091 2183 1276 2275 monosylla-

174 2301 249 2358 bum
272 2310 334 2359 est:
769 2303 772 2308 ’

274 2420 301 2462 ν.
326 2418 374 2476 54.
404 2401 424 2478 ἢ
448 2399 494 2463 ἔτι
524 2405 659 2479 in·pede
687 2405 810 2480 quint0;
846 2406 932 2479 quod
964 2423 1033 2462 cum
1063 2404 1163 2462 nullus
1198 2404 1275 2460 alius

174 2503 253 2560 illius
277 2506 387 2562 aetatis
414 2513 509 2580 poeta
542 2506 586 2562 sic
616 2506 755 2580 posuerit
789 2507 894 2562 nescio
917 2525 957 2563 an
978 2507 1160 2562 mutandum
1182 2506 1220 2562 sit
1242 2505 1275 2561 in

173 2599 214 2677 ἠέ
230 2621 259 2663 τι
281 2605 333 2676 (cl.
350 2604 482 2665 Nicand.
498 2607 583 2665 Alex.
609 2622 678 2680 23²·
703 2605 772 2665 268.
797 2605 866 2680 306.
889 2605 958 2678 581.
981 2606 1122 2666 Maneth.¹
1137 2607 1175 2674 H,
1191 2601 1273 2682 430).

276 2723 302 2764 v.
329 2705 377 2780 76.
410 2704 430 2781 ἢ
454 2703 503 2767 ὅτι
521 2708 553 2764 in
575 2709 656 2782 pede
679 2709 775 2783 primo
799 2703 851 2784 (cf.
868 2706 1000 2783 Oppian.
1018 2706 1134 2783 Cyneg.
1157 2706 1181 2774 1,
1203 2704 1273 2780 318.

173 2808 262 2880 319):
285 2803 304 2881 ἢ
317 2802 372 2868 ὅτε
384 2807 513 2866 Nonnus
524 2809 571 2866 bis
585 2810 707 2866 admisit
723 2808 828 2886 (Dion.
841 2808 934 2877 XLII,
947 2825 1017 2882 434.
1037 2807 1174 2877 XLVIII,
1187 2805 1272 2883 481).

273 2925 299 2968 ν.
324 2922 395 2980 300.
429 2911 475 2990 τῷ
499 2905 550 2969 ἔπι
568 2911 599 2966 in
622 2912 704 2984 pede
719 2911 832 2985 primo:
856 2911 1026 2984 praecessit
1040 2908 1168 2966 Nonnus
1181 2908 1273 2967 Dion.

173 3004 289 3076 XXVI,
315 3023 371 3082 192
394 3003 489 3084 (pede
511 3010 635 3085 quinto)
659 3008 677 3084 ).

275 3107 370 3180 Quod
393 3117 425 3166 et
454 3111 539 3185 apud
562 3109 796 3168 Christodorum
818 3118 848 3167 et
871 3112 956 3186 apud
981 3109 1114 3184 reliquos
1137 3109 1275 3166 Nonnia-

173 3205 265 3283 nos⁴)
298 3209 346 3267 hic
367 3210 468 3267 hiatus
497 3213 776 3288 monosyllaborum
810 3220 862 3270 aut
893 3213 1021 3287 primam
1053 3220 1107 3268 aut
1136 3212 1274 3286 quintam

172 3309 256 3366 arsin
279 3317 384 3367 tenere
407 3311 496 3380 solet,
521 3328 559 3367 ex
581 3319 691 3368 natura
714 3311 874 3369 verborum
898 3312 1099 3368 derivandum
1123 3318 1184 3369 est:
1209 3311 1275 3385 qui·

171 3410 232 3466 bus
255 3427 324 3468 cum
349 3411 526 3468 necessario
560 3419 591 3468 et
621 3412 769 3469 diaeresis
796 3420 829 3468 et
855 3411 1071 3486 interpunctio
1095 3413 1272 3478 antecedat,

170 3517 296 3585 praeter
317 3512 444 3586 primam
472 3513 579 3586 quinta
612 3521 732 3570 tantum
765 3513 840 3569 arsis
863 3520 936 3587 apta
959 3519 1007 3568 est
1036 3510 1208 3568 bucolicam
1229 3511 1274 3566 in·

171 3610 322 3668 cisionem
344 3613 510 3687 excipiens

197 3789 203 3796 ’
277 3806 302 3875 1)
318 3810 350 3861 cl.
369 3809 475 3860 Iacobs
494 3809 617 3859 addenda
635 3810 669 3859 ad
686 3809 797 3876 praefat.
816 3809 900 3860 Anth.
920 3815 982 3860 tom.
1001 3809 1043 3857 III
1061 3823 1088 3873 p.
1107 3807 1250 3872 XIquq.

273 3895 301 3965 2)
321 3913 352 3946 ex
371 3897 490 3947 Homero
511 3897 564 3963 Ε,5
585 3897 616 3959 Τ,
630 3909 691 3962 250,
715 3914 746 3948 ex
772 3899 889 3963 Oppiani
909 3897 1008 3963 Cyneg.
1026 3897 1048 3956 Ι,
1060 3895 1121 3946 620.
1140 3897 1204 3946 Hal.
1223 3897 1272 3955 IV,

170 3984 216 4046 84,
236 3999 267 4033 ex
285 3986 399 4035 Anthol.
418 3987 469 4044 XI,
486 3997 535 4050 107
553 3999 606 4048 v.3
630 3985 744 4036 conferri
762 3985 833 4037 licet.
1042 3989 1046 3998 “

272 4076 299 4140 3)
318 4074 524 4140 praepositionis
534 4083 627 4124 natura
638 4076 739 4124 hiatum
757 4075 893 4124 debilitari
904 4074 1044 4139 Iacobsius
1062 4072 1126 4122 loco
1146 4073 1235 4124 adnot.
1250 4084 1271 4122 1.

168 4162 252 4211 citato
272 4163 395 4230 explicat.

271 4253 297 4315 4)
316 4252 469 4302 Volkmann
487 4253 506 4305 l.
526 4253 545 4306 l.
565 4270 592 4319 p.
603 4265 646 4318 37.

1056 4349 1071 4402 3
