3122 4904
734 308 749 359 9

194 473 408 550 composuisse
432 481 570 550 apparet,
605 473 662 530 sed
693 471 865 529 rhetoricae
890 479 1009 529 tantum
1037 470 1293 530 demonstrationi

194 594 319 652 operam
342 575 478 636 dedisse.

293 696 334 752 At
357 695 495 769 quamvis
517 695 677 752 evidenter
711 710 817 751 omnes
840 709 945 749 versus
977 691 1176 768 sophisticam
1196 699 1294 752 artem

194 797 365 863 redoleant,
400 804 503 853 tamen
536 797 567 853 in
601 795 750 854 statuaria
782 795 937 870 signorum
960 793 1195 852 adumbratione
1216 795 1293 852 miro

194 897 289 953 modo
324 905 490 971 praecepta
524 897 565 953 de
600 913 741 952 verorum
773 913 900 970 operum
934 893 1075 970 ecphrasi
1104 912 1184 969 quae
1209 895 1294 970 apud

195 997 341 1072 aequales
365 998 508 1054 valebant
531 997 687 1072 negligere
710 1013 802 1054 ausus
827 1004 882 1055 est.
899 995 981 1052 velut
993 994 1137 1053 Nicolaus
1151 995 1294 1071 Sophista

197 1099 249 1173 qui
260 1106 387 1156 vocatur
398 1098 430 1154 in
445 1097 767 1173 praeexercitamentis
782 1096 860 1154 haec
872 1097 1022 1172 praecipit
1031 1091 1069 1173 ¹):
1085 1091 1246 1171 ἀρξόμεθα
1258 1094 1294 1158 δὲ

194 1194 259 1259 ἀπὸ
282 1199 347 1259 τῶν
369 1195 517 1274 πρώτων,
539 1196 591 1258 καὶ
614 1193 719 1272 οὕτως
743 1194 794 1258 ἐπὶ
815 1195 855 1257 τὰ
877 1196 1045 1257 τελευταῖα
1067 1193 1199 1272 ἥξομεν·
1223 1193 1293 1258 οἷον

194 1294 221 1358 εἰ
242 1293 415 1373 ἄνθρωπον
443 1297 585 1373 χαλκοῦν
613 1295 632 1374 ἢ
656 1294 692 1358 ἐν
718 1297 860 1373 γραφαῖς
886 1295 905 1372 ἢ
934 1293 1089 1359 ὁπωσοῦν
1118 1293 1233 1374 ἔχομεν
1258 1295 1293 1361 ἐν

194 1402 231 1480 τῇ
249 1395 406 1475 ἑκφράσει
422 1395 641 1474 ὑποκείμενον,
665 1394 729 1459 ἀπὸ
746 1398 891 1474 κεφαλῆς
913 1395 971 1472 τὴν
995 1393 1096 1474 ἀρχὴν
1117 1395 1293 1474 ποιησάμε-

193 1517 245 1561 νοι
277 1500 450 1576 βαδιοῦμεν
485 1497 537 1560 ἐπὶ
563 1497 602 1560 τὰ
631 1497 712 1560 κατὰ
746 1497 856 1575 μέρος·
890 1495 976 1560 οὕτω
1006 1497 1067 1574 γὰρ
1088 1496 1293 1576 πανταχόθεν

197 1597 342 1676 ἔμψυχος
372 1598 471 1676 λόγος
503 1597 631 1674 γίνεται.
675 1618 778 1658 nonne
805 1602 901 1676 primo
930 1602 1038 1658 obtutu
1063 1610 1193 1677 apparet
1219 1601 1293 1659 alias

195 1720 264 1759 esse
287 1702 451 1778 ecphrases
475 1719 552 1776 quas
574 1703 719 1760 Nicolaus
741 1702 886 1759 hocloco
908 1703 1039 1776 respicit,
1062 1703 1153 1761 aliam
1169 1722 1237 1761 eam
1253 1705 1293 1761 de

197 1821 258 1878 qua
289 1821 346 1861 nos
380 1801 517 1880 agimus?
550 1812 668 1860 tantum
701 1804 782 1860 enirn
816 1805 923 1860 aberat
946 1801 1163 1861 Christodorus
1196 1812 1230 1861 ut
1262 1805 1293 1862 in

197 1904 331 1962 humana
353 1905 449 1980 figura
468 1905 643 1980 enarranda
666 1923 684 1962 a
707 1905 808 1980 capite
838 1906 880 1962 ad
901 1905 999 1979 pedes
1023 1905 1238 1974 descenderet,
1261 1913 1295 1963 ut

198 2023 266 2063 raro
282 2007 323 2063 de
336 2005 455 2062 indiciis
471 2013 650 2076 statuarum,
674 2005 714 2061 de
729 2005 872 2073 motibus,
896 2006 937 2061 de
952 2023 1097 2062 manuum
1116 2007 1293 2081 pedumque

198 2107 409 2182 dispositione,
441 2107 481 2162 de
503 2107 619 2180 reliquo
642 2107 776 2180 corporis
798 2105 905 2164 habitu
930 2107 1023 2164 verba
1046 2105 1173 2164 laceret:
1201 2107 1293 2165 immo

196 2225 400 2283 quaecunque
415 2209 456 2265 ad
468 2209 603 2282 speciem
618 2216 787 2265 statuarum
801 2208 989 2282 pertinerent
1004 2217 1058 2264 aut
1071 2208 1187 2264 minimi
1202 2209 1294 2266 aesti-

196 2309 290 2366 mavit
312 2317 366 2367 aut
387 2317 513 2384 propter
544 2327 690 2384 magnum
721 2310 877 2384 signorum
906 2327 1064 2366 numerum
1092 2318 1236 2367 accurate
1259 2327 1293 2368 se

195 2427 351 2485 exponere
372 2427 466 2485 posse
490 2411 673 2484 desperavit.

295 2528 433 2585 Alterum
464 2529 504 2584 de
533 2528 673 2603 ecphrasi
705 2536 903 2605 praeceptum
925 2527 1070 2585 Nicolaus
1101 2529 1215 2586 ibidem
1247 2528 1293 2587 his

194 2629 293 2686 verbis
316 2629 455 2685 exhibet:
482 2628 532 2688 δεῖ
552 2626 589 2689 δὲ
611 2628 782 2703 πειρᾶσθαι
805 2626 981 2703 λογισμοὺς
1002 2626 1211 2704 προστιθέναι
1233 2629 1292 2691 τοῦ

194 2729 322 2792 τοιοῦδε
345 2727 364 2806 ἢ
388 2729 516 2791 τοιοῦδε
538 2727 624 2804 παρὰ
645 2729 703 2790 τοῦ
726 2725 873 2791 πλάστου
896 2727 1070 2806 σχήματος,
1101 2725 1172 2791 οἷον
1195 2728 1293 2805 τυχὸν

194 2829 214 2906 ἣ
238 2827 287 2891 δ’τι
309 2827 518 2907 ὀργιζόμενον
542 2825 665 2905 ἔγραψε
681 2829 733 2891 διὰ
755 2828 850 2905 τήνδε
873 2829 931 2906 τὴν
952 2827 1063 2906 αἰτίαν,
1086 2828 1292 2906 ἢὴδόμενον,
1361 2829 1363 2834 ’

194 2930 214 3007 ἣ
238 2926 318 2993 ἄλλο
341 2950 369 2992 τι
401 2928 506 3007 πάθος
529 2929 665 3007 ἐροῦμεν
692 2933 871 3009 συμβαῖνον
893 2933 930 3012 τῇ
957 2930 1029 3008 περὶ
1055 2932 1113 3002 τοῦ
1137 2929 1293 3008 ἐκφραῑο-

195 3032 293 3110 μένου
316 3030 454 3112 ἱστορίᾳ·
489 3029 541 3093 καὶ
570 3029 620 3093 ἐπὶ
653 3031 718 3093 τῶν
753 3028 862 3093 ἄλλων
889 3030 925 3095 δὲ
958 3029 1079 3109 ὁμοίως
1105 3034 1241 3095 πλεῖστα
1263 3029 1294 3095 ol

195 3131 343 3208 λογισμοὶ
369 3133 583 3194 συντελοῦσιν
611 3129 655 3207 εἰς
684 3130 861 3209 ἐνάργειαν.
907 3153 947 3192 ne
974 3136 1051 3194 tales
1083 3136 1207 3211 quidem
1240 3135 1292 3195 λο-

108 3301 113 3312 ,
194 3231 330 3309 γισμούς
353 3235 466 3309 ubique
489 3232 705 3292 Christodorus
729 3235 879 3303 adhibuit,
909 3236 1001 3292 immo
1025 3237 1098 3293 satIs
1120 3255 1198 3307 rar0,
1232 3253 1293 3311 qua

195 3338 236 3394 de
259 3355 351 3394 causa
373 3338 513 3413 gaudens
538 3344 589 3393 aut
612 3337 782 3403 lacrimanS,
805 3338 908 3394 nudus
931 3346 984 3394 aut
1006 3337 1133 3395 vestitus
1157 3337 1224 3413 quis
1248 3337 1292 3394 ef·

195 3436 284 3495 fietus
307 3447 399 3508 esset,
423 3437 574 3512 explicare
599 3446 727 3494 conatus
751 3446 806 3497 est.
850 3437 939 3494 valde
962 3447 1065 3495 autem
1088 3438 1196 3496 dubito
1219 3457 1291 3494 num

194 3539 426 3596 usitatissimum
442 3539 506 3595 eius
523 3547 746 3612 argumentum,
769 3555 829 3612 quo
846 3547 931 3596 vates
948 3539 1159 3607 vaticinantes,
1181 3538 1292 3614 poetas

195 3637 329 3694 carmina
364 3647 596 3713 componentes,
630 3639 766 3696 rhetores
795 3640 1005 3698 declamantes
1043 3648 1292 3716 repraesentatos

195 3755 265 3796 esse
290 3738 429 3808 affirmat,
462 3740 493 3796 in
524 3739 687 3813 λογισμῶν
722 3741 840 3798 illorum
872 3758 1000 3798 numero
1032 3740 1210 3798 habendum
1240 3741 1291 3800 sit:

195 3847 278 3896 certe
306 3841 458 3898 eiusmodi
492 3841 615 3898 dicendi
648 3841 834 3899 ornamentis
865 3859 928 3899 non
961 3850 1091 3918 augetur
1123 3851 1292 3902 statuarum

194 3941 357 4002 evidentia.

197 4115 395 4124 ————-—-=

299 4227 322 4288 1)
343 4223 467 4289 Spengel.
487 4223 586 4275 rhetor.
605 4225 698 4276 Graec.
717 4225 767 4288 111,
783 4241 809 4292 p.
821 4237 882 4288 492.
