3122 4904
798 221 832 270 40

264 382 379 440 formae
406 409 464 451 aa,
492 399 583 456 quam
601 381 718 438 formae
740 408 786 437 Α
808 381 848 438 ita
865 380 1061 448 adhibentur,
1085 389 1119 438 ut
1138 380 1254 457 syllaba
1268 380 1364 439 finalis

268 485 348 540 arsin
361 483 488 551 efficiat;
510 463 612 558 neque
625 483 650 539 si
663 482 884 557 comparaveris
897 500 977 557 quae
993 499 1085 558 supra
1106 501 1136 557 p.
1153 497 1194 556 30
1217 483 1257 540 de
1272 499 1366 559 spon·

209 599 210 602 ’
263 586 324 641 deo
347 585 425 641 inter
447 583 535 641 binas
558 600 701 641 caesuras
729 582 880 640 masculas
914 601 1007 658 quam
1039 582 1171 641 maxime
1193 583 1289 641 vitato
1311 601 1364 640 ex·

262 686 362 760 posui,
386 687 425 742 de
449 702 543 742 causa
565 685 654 742 huius
680 685 722 740 rei
741 683 906 741 dubitabis.

362 827 415 885 III.
454 827 557 883 Voces
580 826 806 902 trisyllabae
827 826 943 884 formae
964 820 1099 904 --la'¹),

412 958 445 1040 a)
469 962 493 1019 si
515 961 617 1018 brevi
650 961 770 1019 vocali
800 961 954 1030 finiuntur,
984 979 1086 1036 neque
1109 963 1194 1038 apud
1221 962 1364 1021 Nouuum

265 1082 365 1138 neque
379 1065 464 1139 apud
478 1061 709 1120 Christodorum
721 1064 765 1120 ita
787 1062 980 1132 adhibentur,
998 1071 1030 1120 ut
1044 1064 1159 1140 syllaba
1169 1065 1267 1122 finalis
1283 1066 1364 1122 arsin

264 1172 370 1221 teneat
393 1160 509 1241 (Nonni
533 1159 568 1222 N.
595 1179 653 1220 110
675 1164 739 1219 iure
760 1180 816 1220 suo
838 1162 1013 1239 Hilbergius
1036 1161 1189 1240 correxit).

412 1280 443 1354 b)
465 1283 491 1338 si
512 1291 627 1339 exeunt
646 1281 679 1337 in
702 1298 733 1340 αι
757 1283 802 1339 vel
824 1299 863 1352 οι,

262 1383 377 1459 syllaba
400 1381 496 1440 finalis
518 1381 550 1438 in
573 1381 632 1438 arsi
652 1381 741 1457 pedis
783 1381 822 1438 ΙΙ.
918 1382 969 1440 ΠΙ.
1054 1381 1107 1443 IV.
1195 1381 1232 1441 V.
1307 1382 1360 1439 VI.

263 1463 347 1559 apud
370 1481 603 1540 Christodorum
624 1483 656 1539 in
802 1479 852 1555 1²)
942 1480 988 1555 1³)
1074 1513 1114 1522 -
1198 1512 1237 1522 -
1324 1512 1364 1524 .-

263 1585 295 1641 in
317 1592 398 1640 toto
421 1582 533 1640 Nonno
556 1583 587 1638 in
798 1596 837 1656 53
933 1581 952 1639 6
1070 1612 1110 1624 -
1201 1614 1235 1624 ..
1323 1614 1361 1623 -

264 1685 400 1741 versibus
421 1685 562 1743 occurrit.

239 1865 241 1870 ,
413 1798 443 1874 ο)
467 1803 492 1860 si
514 1801 631 1860 habent
653 1802 805 1858 brevem
828 1802 943 1858 exitum
969 1802 1194 1860 consonanti
1220 1802 1364 1860 termina-

263 1914 337 1971 tum,
352 1903 402 1961 hic
417 1905 515 1960 exitus
530 1905 562 1959 in
583 1904 642 1960 arsi
664 1920 693 1978 p.
716 1902 753 1961 Il.
859 1901 910 1962 111.
986 1901 1039 1963 IV.
1096 1897 1152 1963 ¹V.
1231 1901 1283 1963 VI.

262 2008 346 2080 apud
369 2004 601 2062 Christodorum
621 2005 653 2062 in
719 2002 769 2080 2⁴)
863 2035 899 2043 -
987 2037 1025 2047 -
1113 2034 1152 2044 -
1238 2034 1277 2044 .-

262 2107 295 2162 in
317 2114 398 2164 toto
423 2105 535 2162 Nonno
558 2105 589 2162 in
713 2120 749 2179 72
871 2122 890 2180 9
986 2136 1026 2145 -
1110 2137 1151 2146 -
1238 2135 1276 2146 .-

265 2208 400 2264 versibus
424 2215 561 2282 apparet.

408 2325 444 2399 d)
467 2325 514 2382 sin
536 2324 646 2399 longa
669 2332 717 2382 est
738 2324 852 2399 syllaba
873 2324 981 2394 finalis,

260 2428 292 2484 in
314 2428 373 2484 arsi
396 2427 484 2502 pedis
756 2426 793 2485 II.
877 2425 928 2484 ΠΙ.
1004 2425 1056 2487 IV.
1123 2426 1162 2485 V.
1233 2426 1284 2488 VI.

262 2527 502 2586 aChristodoro
524 2528 556 2584 in
756 2541 793 2602 27
882 2543 916 2585 21
1009 2559 1046 2568 -
1134 2544 1151 2586 2
1240 2559 1274 2568 -

263 2629 409 2688 aNonno
432 2631 463 2686 in
484 2629 649 2686 libroIin
755 2627 795 2702 36
885 2645 921 2701 14
1005 2659 1046 2669 —
1134 2646 1150 2687 2
1240 2661 1276 2670 -

264 2732 401 2788 versibus
422 2730 593 2790 adhibetur.
632 2730 723 2787 verba
746 2729 834 2788 huius
851 2731 966 2788 formae
989 2731 1106 2806 syllaba
1120 2731 1202 2788 finali
1223 2729 1263 2788 ne
1280 2731 1362 2789 arsin

263 2843 380 2890 sextam
406 2832 559 2908 expleant,
582 2831 684 2889 Nouni
705 2833 746 2889 de
768 2833 905 2890 clausula
927 2849 1032 2890 versus
1053 2833 1102 2890 lex
1124 2834 1237 2910 obstat,
1268 2850 1360 2906 quam

249 2953 352 3009 supra
375 2953 404 3011 p.
418 2935 457 2993 28
479 2935 714 2992 commemoravi
721 2950 727 3001 ;
749 2952 789 2990 ne
809 2934 840 2990 iu
861 2935 921 2992 arsi
943 2943 1052 3010 quarta
1073 2934 1228 3002 desinant,
1250 2950 1360 2991 neces-

263 3037 343 3093 saria
365 3038 455 3111 pedis
478 3036 559 3093 tertii
581 3053 709 3092 caesura
730 3036 868 3110 impedit.

321 3135 326 3152 ¹
359 3170 411 3228 lV.
446 3170 588 3244 Denique
622 3171 703 3227 inter
732 3171 883 3227 vocabula
915 3169 1073 3244 plurium
1106 3185 1214 3244 quam
1247 3167 1361 3224 trium

260 3272 492 3346 syllabarum
513 3272 597 3328 nulla
618 3272 765 3339 invenias,
787 3273 860 3346 quin
883 3279 935 3328 aut
958 3271 1084 3327 omnino
1106 3270 1145 3326 ab
1168 3268 1359 3336 hexametro,

261 3374 382 3447 qualem
404 3370 533 3429 Nonnus
556 3373 717 3429 decurrere
740 3372 844 3442 voluit,
872 3379 1044 3438 arceantur,
1066 3377 1120 3427 aut
1137 3387 1174 3426 ex
1196 3369 1284 3426 metri
1305 3385 1360 3425 ne·

261 3475 406 3531 cessitate
429 3474 459 3529 in
480 3473 540 3530 arsi
563 3472 700 3530 ultimam
721 3474 905 3547 producant.

269 3657 465 3666 ——--—-·

298 3756 309 3784 ⁶
361 3763 384 3829 ι)
403 3762 543 3829 trisyllaba
561 3763 639 3812 aliter
657 3764 819 3813 conformata
843 3771 887 3812 aut
905 3765 981 3814 metri
1000 3764 1154 3815 necessitati
1185 3763 1361 3814 succumbunt

158 3937 160 3942 Α
259 3849 291 3932 (υ
301 3895 318 3914 o
328 3849 333 3934 Ι
344 3850 378 3935 ἑ)
401 3877 445 3918 aut
464 3870 571 3919 omnino
591 3868 744 3918 hexametro
763 3869 889 3920 resistunt
908 3852 939 3932 (υ
950 3851 1012 3936 -Ιέ
1027 3877 1054 3920 et
1070 3905 1089 3914 .-
1100 3897 1116 3914 υ
1126 3850 1131 3935 Ι
1142 3854 1186 3934 ἐ).

360 3963 386 4024 2)
404 3974 427 4008 v.
448 3969 489 4023 75.

359 4043 387 4110 3)
407 4062 429 4095 v·
452 4057 510 4107 299·

359 4134 384 4196 4)
405 4151 443 4186 vv.
464 4146 522 4200 225.
543 4137 603 4200 236.
