3122 4904
815 1053 844 1125 1.

381 1259 406 1338 ὅ.
434 1279 459 1321 ι.
496 1259 713 1318 Christodorus
745 1268 839 1335 poeta
861 1259 1027 1317 Thebanus
1055 1277 1094 1314 ex
1117 1257 1191 1314 urbe
1214 1253 1316 1330 Copto
1338 1273 1376 1312 ex

281 1366 393 1423 eadem
429 1364 479 1422 illa
510 1364 652 1440 Aegypto
686 1363 833 1419 oriundus
866 1369 941 1428 erat,
975 1377 1055 1434 quae
1086 1360 1125 1416 ad
1150 1357 1241 1415 finem
1263 1356 1378 1414 saeculi

283 1473 354 1540 post
377 1463 446 1523 Chr.
469 1483 498 1522 n.
523 1464 621 1539 quinti
642 1481 749 1521 omnes
772 1462 835 1520 fere
858 1470 967 1538 poetas
983 1461 1120 1536 Byzantii
1142 1461 1286 1516 laudatos
1308 1476 1377 1532 pro-

284 1567 405 1624 creavit.
428 1566 513 1623 cuius
537 1573 640 1622 vatum
663 1564 746 1622 chori
762 1565 813 1638 qui
833 1563 976 1640 principis
992 1563 1094 1620 locum
1108 1561 1243 1618 tenuisse
1258 1559 1378 1616 videtur

282 1667 412 1724 Nonnus
425 1665 667 1742 Panopolitanus
682 1665 902 1741 degeneratam
923 1672 988 1720 tum
1009 1663 1177 1721 hexametri
1194 1661 1321 1720 formam
1337 1661 1377 1718 ad

284 1786 396 1826 novam
419 1768 574 1843 quandam
595 1765 818 1842 perfectionem
837 1766 967 1823 adduxit
989 1773 1021 1822 et
1042 1765 1130 1840 epico
1147 1763 1271 1820 carmini
1292 1781 1377 1837 mag·

285 1887 359 1926 num
383 1870 486 1927 denuo
510 1869 698 1925 eruditorum
713 1867 846 1926 favorem
870 1868 1056 1937 conciliavit;
1078 1867 1137 1925 hac
1159 1883 1239 1923 nova
1261 1865 1378 1923 heroici

283 1987 388 2028 versus
404 1969 501 2026 forma
513 1967 729 2027 Christodorus
746 1987 870 2044 quoque
885 1971 916 2026 in
932 1970 1072 2026 omnibus
1096 1966 1282 2026 carminibus
1297 1983 1378 2040 quae

284 2071 409 2147 quidem
431 2079 708 2129 commemorantur
719 2069 743 2146 ¹)
765 2089 838 2128 usus
861 2080 917 2131 est.
954 2072 995 2128 ad
1024 2087 1072 2128 res
1102 2070 1141 2125 ab
1173 2086 1211 2125 eo
1238 2075 1378 2126 cantatas

385 2310 409 2378 ι)
432 2311 575 2378 praecipuo
604 2311 655 2361 huc
684 2311 815 2376 pertinent
843 2326 911 2376 quae
931 2310 964 2359 de
990 2309 1095 2376 scriptis
1115 2310 1283 2362 Christodori
1300 2311 1379 2361 tradi-

284 2402 379 2451 derunt

455 2487 551 2537 Suidas
571 2504 591 2539 s.
611 2505 635 2538 v.
999 2489 1121 2538 Eudocia
1138 2505 1164 2554 p.
1175 2487 1236 2550 436.

318 2577 530 2644 Χριστόδωρος,
558 2573 720 2639 Πανίσκου,
750 2573 806 2626 ἀπὸ
892 2573 1103 2642 Χριστόόωρος,
1133 2573 1294 2642 Πανίσκου,
1324 2575 1380 2628 ἀπὸ

283 2666 395 2718 Κοπτού
428 2664 537 2727 πόλεως
567 2668 618 2728 τῆς
654 2662 805 2729 Αἰγύπτου,
857 2661 967 2715 Κοπτού
1000 2663 1110 2726 πόλεως
1141 2666 1193 2729 τῆς
1228 2663 1379 2730 Αἰγύπτου,

284 2747 567 2818 ἑποποιός.’ἤκμαζεν
587 2751 708 2803 ἐπὶτῶν
729 2750 806 2803 Ἀνα-
857 2751 1000 2817 ἐποποιός,
1019 2752 1142 2818 ἤκμαζεν
1162 2753 1284 2805 ἐπὶτῶν
1303 2752 1380 2805 Ἀνα-
1458 2803 1460 2809 ,
1544 2777 1545 2780 =

284 2840 401 2895 στασίου
432 2845 484 2894 τού
519 2839 653 2904 βασιλέως
687 2838 806 2904 χρόνων.
858 2839 975 2893 οτασίου
1009 2844 1063 2893 τοι]Ι
1099 2841 1233 2905 βασιλέως
1261 2841 1379 2907 χρόνων.

282 2929 407 2995 ἔγραψεν
440 2927 577 2994 Ἰσαυρικόι
601 2928 631 2981 ὲν
656 2925 767 2992 βιβλίοις
785 2929 806 2990 ς’
857 2929 981 2995 ἔγραψεν
1005 2928 1141 2995 Ἰσαυρικὰ
1170 2929 1200 2982 ὲν
1230 2927 1341 2993 βιβλίοις
1360 2930 1380 2992 ς’

284 3017 352 3082 (ἔχει
380 3017 411 3069 δὲ
438 3015 491 3080 τὴν
519 3014 653 3082 Ἰσαυρίας
676 3015 806 3069 όλωσιν
857 3015 925 3086 (ἔχει
954 3018 985 3070 δὲ
1012 3016 1065 3081 τὴν
1085 3014 1219 3082 Ἰοαυρίας
1247 3015 1380 3069 όλωοιν

284 3106 337 3171 τὴν
365 3105 421 3158 ὑπὸ
443 3102 626 3157 Ἀναστασίου
652 3107 705 3156 τού
732 3106 806 3168 βασι·
856 3107 909 3171 τὴν
937 3105 993 3158 ύπό
1012 3102 1196 3158 Ἀναστασίου
1224 3107 1276 3156 τού
1306 3105 1380 3168 βασι-

284 3194 355 3258 λέως
373 3191 547 3260 γενομένην).
856 3194 927 3258 λέως
940 3193 1262 3260 γινομένην).ἐπιγραμ
1268 3191 1381 3255 μάτων

858 3279 946 3345 βιβλία
958 3283 991 3347 γ’,
1012 3281 1209 3334 ἐπιστολῶν
1229 3280 1261 3340 δ’,
1275 3280 1379 3345 ἐκφρα-

320 3370 456 3436 Πάτρια
476 3365 826 3433 Κωνσταντινουπόλεως,Ι
859 3381 902 3421 σιν
921 3373 979 3421 τῶν
999 3370 1029 3423 ὲν
1047 3374 1088 3438 τῷ
1102 3367 1284 3438 Ζευξίππῳ
1298 3368 1381 3432 ἀγαλ-

286 3459 396 3524 ἑπικιλις,
418 3456 505 3524 βιβλία
520 3458 563 3522 ιβ’.
577 3456 809 3524 ΠάτριαΝάκλης
859 3457 962 3522 μάτων,
982 3457 1107 3524 πάτρια
1133 3460 1184 3524 τῆς
1208 3457 1381 3510 Κωνσταντι-

286 3548 398 3614 (ἔστιδὲ
413 3548 492 3610 πόλις
504 3548 568 3614 περί
580 3547 763 3612 Ἡλιούπολιν,
778 3545 808 3598 ἐν
858 3546 1021 3610 νουπόλεως
1034 3537 1137 3610 ἑπικῶς
1159 3545 1247 3612 βιβλία
1266 3548 1309 3613 ιβ’,
1329 3546 1381 3598 πό-

285 3638 303 3705 ᾐ
322 3636 358 3689 τὰ
377 3636 535 3700 καλούμενα
546 3635 678 3703 Ἄφακα).
698 3634 809 3700 Πάτρια
858 3650 922 3700 τρια
938 3633 1144 3701 θεσσαλονίκης
1155 3634 1242 3701 βιβλία
1261 3640 1310 3701 κε’,
1330 3634 1381 3687 πά-

286 3724 590 3791 ΜιλήτουτῆςἸωνίας.
602 3721 807 3789 ΠάτριαΤρόλ-
858 3738 922 3790 τρια
942 3721 1051 3788 Νόκλης
1076 3723 1145 3789 (ἔστι
1169 3725 1200 3777 όὲ
1219 3724 1299 3788 πόλις
1317 3725 1380 3790 περὶ

286 3817 352 3866 λων.
377 3812 488 3879 Πότρια
507 3811 727 3879 Ἀφροδισιάδος.
747 3811 806 3863 Ἔκ-
859 3811 1042 3877 Ἡλιούπολιν,
1071 3812 1101 3865 ἐν
1125 3814 1142 3882 ᾗ
1166 3813 1202 3866 τὰ
1221 3813 1380 3879 καλούμενα

286 3916 389 3969 φραοιν
417 3905 475 3954 τῶν
505 3902 535 3955 ἐν
562 3905 603 3968 τῷ
622 3898 807 3968 Ζευξίππῳ
859 3897 997 3968 Ἀφακα),
1025 3898 1129 3965 πάτρια
1165 3899 1293 3966 Μιλήτου
1330 3903 1381 3964 τῆς

286 3990 468 4055 ἀγαλμάτων
488 3991 533 4043 καί
552 3990 621 4042 ύλλα
643 3989 741 4042 πολλά.
857 3985 968 4053 Ἰωνίας,
988 3987 1090 4053 πάτρια
1102 3987 1259 4054 Τράλλεων,
1278 3987 1382 4054 πάτρια

858 4075 1077 4142 Ἀφροδισιάδος.

286 4169 487 4229 animadvertes,
510 4168 583 4234 quod
605 4168 634 4217 hi
654 4167 757 4218 indices
776 4183 830 4218 non
849 4167 936 4217 solum
963 4167 1055 4217 ordine
1074 4166 1243 4233 alphabetico
1263 4182 1278 4215 a
1300 4164 1382 4214 Suide
