3122 4904
818 239 850 286 16

288 413 383 470 moria
416 431 471 471 sua
504 413 650 470 athletam
682 413 802 488 tertium
836 414 920 470 cuius
955 432 1069 471 nomen
1100 432 1138 472 ex
1166 423 1253 489 parte
1276 413 1384 471 iisdem

288 512 393 571 litteris
415 513 554 582 efficitur,
578 515 618 571 ad
642 515 851 571 exornandam
874 516 1062 594 sententiam
1080 517 1245 576 addiderit.
1279 516 1385 572 similia

287 614 318 671 in
338 615 468 672 Ausonii
489 616 708 690 epigrammate
731 614 881 690 leguntur,
913 616 997 689 quod
1018 632 1081 671 non
1104 614 1169 671 sine
1192 614 1292 671 fructu
1315 633 1384 672 cum

287 715 333 773 his
356 716 491 774 versibus
514 734 727 790 comparamus
744 712 780 792 ¹):
804 725 838 772 ut
861 718 945 790 apud
967 713 1199 773 Christodorum
1215 715 1383 774 Philammo

286 817 371 874 iuxta
392 815 540 874 Milonem
563 815 783 890 Philonemque
816 825 1081 882 commemoratur,
1109 817 1153 874 sic
1182 818 1265 892 apud
1286 818 1384 874 Auso-

286 917 370 974 nium
391 917 477 974 iuxta
497 915 628 973 Marium
649 916 859 991 Marciumque
881 916 1033 976 Metellus,

380 1017 437 1074 His
459 1017 533 1076 locis
547 1034 638 1092 spero
653 1035 703 1074 me
719 1017 937 1092 comprobasse
952 1018 1078 1076 nomina
1099 1019 1207 1076 statuis
1228 1018 1289 1076 iam
1312 1027 1383 1077 ante

287 1115 520 1175 Christodorum
554 1135 739 1193 quocunque
767 1120 862 1176 modo
888 1118 986 1175 indita
1020 1119 1123 1176 fuisse.
1155 1120 1276 1176 accedit
1299 1121 1383 1195 quod

285 1219 398 1294 ubique
421 1228 515 1294 poeta
535 1221 640 1278 titulos
664 1229 834 1278 statuarum
850 1231 911 1277 tam
927 1219 1059 1277 breviter
1083 1231 1228 1295 certeque
1249 1239 1384 1295 pronun·

285 1320 350 1389 tiat,
374 1329 407 1377 ut
429 1320 503 1378 nihil
525 1321 624 1395 ipsum
644 1323 686 1378 ad
709 1321 944 1378 constituendos
968 1339 1021 1378 eos
1038 1322 1204 1379 contulisse
1226 1332 1382 1397 appareat.

285 1421 376 1478 immo
398 1403 546 1479 nonnulla
569 1423 656 1498 signa
689 1422 848 1480 dubitasse
874 1423 994 1480 videtur
1014 1430 1159 1480 essentne
1181 1431 1265 1480 recte
1286 1425 1383 1479 nomi·

285 1531 371 1582 nata:
395 1525 465 1580 vide
488 1541 579 1598 quam
602 1523 764 1580 artificiose
781 1542 926 1581 coronam
943 1524 1091 1591 lauream,
1111 1541 1171 1597 qua
1183 1523 1383 1599 Amphitryon

285 1632 409 1681 ornatus
431 1623 531 1685 πᾶσιν
553 1622 611 1699 μὲν
634 1621 797 1698 ἐΰσκοπος
820 1619 924 1684 εἴδετο
947 1619 1058 1698 μάντις
1066 1689 1072 1704 ,Ι
1080 1627 1120 1694 (v.
1138 1623 1212 1697 368)
1234 1625 1382 1699 interpre-

284 1733 366 1783 tatus
389 1726 437 1794 sit,
462 1727 618 1800 quomodo
641 1745 687 1788 vv,
712 1725 750 1800 56
768 1743 833 1801 sqq.
862 1741 917 1800 192
936 1743 1001 1800 sqq.
1026 1725 1139 1800 Pyrrhi,
1163 1744 1189 1785 v.
1205 1741 1262 1782 212
1281 1726 1381 1782 Aiacis

285 1825 384 1894 Locri,
407 1845 453 1885 vv.
475 1841 530 1901 271
556 1843 602 1900 sq.
624 1827 725 1884 Aiacis
749 1827 931 1895 Telamonii,
954 1846 979 1886 v.
1000 1842 1058 1901 292
1083 1825 1206 1884 Achillis
1230 1827 1382 1883 inermita·

285 1934 347 1983 tem
380 1935 491 1986 narret.
524 1944 629 1984 nonne
662 1928 762 1985 elucet
792 1929 916 1984 nomina
948 1936 1117 1985 statuarum
1145 1945 1224 2001 quae
1257 1927 1382 2003 profert,

285 2026 402 2101 aliquot
424 2029 452 2084 ei
475 2045 669 2103 summopere
701 2024 912 2104 displicuisse?
947 2029 1051 2103 itaque
1074 2028 1146 2086 mihi
1168 2029 1293 2103 quidem
1314 2046 1383 2104 per-

287 2145 411 2185 suasum
433 2137 490 2198 est,
515 2148 533 2186 a
555 2127 756 2186 Christodoro
779 2129 867 2186 ‘haec
899 2130 1024 2187 nomina
1056 2148 1119 2186 non
1146 2147 1215 2187 esse
1244 2131 1381 2186 inventa:

284 2228 344 2284 iam
367 2231 484 2286 dudum
514 2231 608 2302 signis
630 2232 728 2288 indita
751 2230 844 2287 fuisse
867 2231 1034 2288 certissime
1056 2249 1094 2287 eo
1118 2231 1275 2299 evincitur,
1298 2232 1382 2306 quod

285 2331 421 2404 quamvis
444 2331 629 2389 addubitata
651 2341 685 2388 ut
706 2340 838 2389 mutaret
859 2349 1017 2406 nunquam
1038 2331 1094 2389 sibi
1117 2331 1253 2406 sumpsit.

383 2431 414 2490 Si
438 2433 505 2507 quis
528 2441 655 2506 quaerat
676 2431 736 2489 hoc
758 2433 827 2490 loco
855 2433 1012 2506 quomodo
1036 2433 1159 2489 nomina
1182 2431 1381 2489 Christodoro

284 2534 398 2590 tradita
431 2543 574 2608 putemus
608 2543 725 2592 statuas
757 2534 892 2592 iconicas
915 2534 1039 2608 quidem
1060 2532 1138 2590 infra
1160 2533 1295 2590 dicturus
1315 2549 1383 2589 sum

284 2643 337 2690 aut
359 2652 466 2692 omnes
496 2642 549 2691 aut
580 2653 693 2710 magna
716 2653 754 2692 ex
776 2643 863 2710 parte
886 2635 1027 2709 genuinis
1050 2633 1144 2690 titulis
1165 2635 1328 2691 instructas
1350 2633 1382 2690 in

285 2735 476 2812 Zeuxippum
496 2737 682 2812 pervenisse,
706 2736 837 2811 reliquas
859 2736 950 2811 longe
980 2735 1224 2792 verisimillimum
1245 2735 1317 2792 mihi
1340 2735 1383 2791 vi-

284 2837 384 2905 detur,
407 2837 459 2894 ubi
480 2838 608 2912 primum
627 2839 657 2894 in
680 2837 838 2912 Zeuxippo
862 2837 1030 2894 collocatae
1052 2837 1121 2906 sint,
1145 2837 1237 2893 etiam
1257 2836 1383 2893 nomina

285 2939 444 3013 accepisse
465 2939 561 2996 incisa
582 2938 716 2996 basibus.

385 3039 577 3114 Relinquitur
598 3048 632 3096 ut
660 3040 818 3096 videamus
840 3047 966 3096 rectene
989 3039 1180 3113 scienterque
1207 3058 1226 3096 a
1254 3057 1383 3097 nomen-

285 3139 398 3198 clatore
428 3141 478 3199 illo
511 3141 589 3198 tituli
621 3140 693 3198 facti
726 3141 786 3197 sint
819 3157 928 3198 necne.
971 3138 1079 3215 Lange
1111 3140 1128 3198 l.
1150 3141 1167 3199 l.
1201 3159 1230 3215 p.
1259 3156 1316 3212 124
1342 3159 1381 3197 ex

283 3241 399 3298 LXXX
422 3242 530 3299 statuis
552 3259 663 3298 novem
690 3249 810 3299 tantum
842 3241 969 3297 nomina
1000 3257 1064 3297 non
1086 3248 1230 3314 suspecta
1252 3259 1325 3316 prae
1348 3258 1383 3298 se

228 3395 231 3400 .
284 3340 1382 3416 mmmmmfflnfflmmmmmwummmdmmmmmmm

285 3452 337 3500 aut
359 3443 480 3517 parcius
504 3443 684 3518 descriptas,
708 3460 801 3517 quam
823 3450 857 3499 ut
879 3460 926 3500 res
949 3441 1074 3500 decerni
1094 3440 1201 3516 possit.
1232 3442 1383 3500 rationem

284 3545 326 3602 ad
350 3562 441 3620 quam
464 3545 652 3620 singulorum
679 3546 833 3620 signorum
866 3544 1088 3619 descriptiones
1111 3542 1214 3616 exigit,
1247 3544 1313 3617 ipse
1335 3541 1382 3600 his

283 3646 382 3703 verbis
403 3643 609 3722 profitetur²):
643 3647 676 3704 id
698 3664 792 3703 unum
825 3646 1035 3721 quaerendum
1057 3661 1135 3712 esse,
1159 3643 1303 3702 concinat
1323 3661 1380 3699 no-

282 3765 354 3804 men
376 3766 395 3804 a
417 3745 618 3805 Christodoro
649 3747 777 3805 relatum
806 3764 875 3804 cum
905 3763 953 3814 e0,
988 3745 1073 3820 quod
1109 3762 1166 3802 nos
1198 3761 1253 3819 pro
1275 3751 1383 3800 nostra

286 3905 481 3913 ...——..---—

386 3994 411 4064 1)
436 3994 491 4045 ‘De
527 3994 633 4044 nomine
662 3993 799 4044 cuiusdam
826 3992 903 4042 Lucii
937 3992 1041 4058 sculpto
1068 3990 1096 4040 in
1125 3987 1268 4039 marmore‘
1298 3988 1383 4054 epigr.

281 4085 399 4135 XXXV
418 4084 483 4136 edit.
501 4085 609 4150 Bipont.
804 4073 809 4082 '

383 4172 605 4246 Alipnn
