3122 4904
800 263 833 314 60

264 433 372 514 stipor
388 435 547 516 μύρμηκες
562 440 703 497 luctatori
720 441 900 500 tribuuntur.
925 440 1105 508 simillimum
1121 447 1167 496 est
1182 434 1365 515 γυιοβόρος,

265 542 350 615 quod
371 542 444 598 inde
467 541 505 597 ab
527 540 668 600 Hesiodo
702 535 799 620 (oper,
824 561 850 600 v.
869 536 928 620 66)
952 560 1008 599 usu
1031 549 1190 617 receptum
1220 549 1285 597 erat
1307 559 1366 598 nec

265 641 335 698 huIc
351 642 419 699 loco
443 660 505 700 non
525 639 717 712 con'veniret3
740 653 773 700 at
795 643 869 700 illud
891 645 1000 719 aptius.
1020 673 1057 683 -
1074 661 1101 700 v.
1120 657 1178 716 235
1203 637 1367 717 έθειράς,

265 742 446 800 vocabulum
468 762 508 800 eo
522 745 618 802 modo
639 743 812 812 formatum,
834 763 926 819 quem
941 744 1054 802 Nonno
1076 745 1107 799 iu
1132 744 1248 801 deliciis
1271 743 1364 800 fulsse

265 845 376 900 scimus
387 841 421 918 ¹).
458 847 516 902 sed
537 846 596 901 iam
618 846 649 902 in
672 845 814 919 Odyssea
834 863 866 920 π,
893 845 950 921 176
973 840 1138 920 ἐθειράδες
1172 839 1276 919 ‘pauci
1301 845 1366 902 libri

265 945 395 1002 fortasse
416 941 514 1002 recte’
541 954 575 1003 ut
597 947 640 1004 ait
660 945 826 1020 NauckiuS,
855 946 893 1007 cf.
916 946 1036 1003 Abrens
1060 948 1101 1003 ad
1124 946 1239 1004 scholia
1261 945 1365 1002 Theo-

266 1047 402 1117 criteal,
425 1062 473 1119 34.
507 1077 545 1086 -
579 1066 605 1107 ν,
629 1047 688 1121 365
725 1043 872 1122 ἅρπαγας
906 1042 1117 1122 οἰστρήεντας
1152 1041 1366 1107 ἀεονώτοιο

265 1144 405 1222 κορείηςῑ
433 1142 597 1221 ἀέδνυιτος
624 1143 766 1223 (Nonnus
787 1143 947 1222 ἀνάεδνος
973 1148 1011 1206 cs,
1028 1147 1166 1215 XLVIII,
1184 1142 1257 1225 526)
1279 1167 1367 1223 prae-

265 1256 350 1303 terea
365 1249 449 1323 apud
465 1250 562 1306 solum
577 1250 811 1326 Lycophronem
832 1247 872 1326 (v.
888 1255 961 1324 549)
984 1250 1053 1325 legi.
1071 1280 1109 1290 -
1126 1269 1154 1308 v.
1178 1248 1239 1324 369
1259 1245 1366 1308 ἰσου-

266 1344 460 1423 ροφόνοςτ
491 1349 551 1407 hoc
584 1349 801 1408 Christodorus
836 1369 905 1408 cum
938 1352 1072 1408 Isauriae
1108 1351 1367 1426 expugnationem

266 1449 456 1523 amplissimo
480 1451 613 1508 carmine
630 1451 797 1508 celebraret
820 1451 886 1526 ipse
908 1469 1039 1508 novasse
1056 1452 1184 1509 videtur.
1206 1459 1367 1524 praeterea

266 1560 352 1608 extat
384 1552 415 1607 in
448 1552 655 1626 Anthologiae
688 1555 907 1629 epigrammate
942 1553 996 1620 IX,
1021 1551 1082 1626 656
1118 1545 1159 1629 (v.
1187 1547 1248 1626 17),
1282 1551 1365 1625 quod

267 1651 332 1724 quis
356 1651 462 1708 iecerit
483 1671 546 1710 non
569 1655 711 1726 traditur3
735 1655 792 1711 sed
811 1671 880 1710 cum
902 1654 995 1710 etiam
1018 1654 1093 1710 alias
1115 1653 1261 1709 exhibeat
1283 1651 1366 1708 Chri-

266 1752 385 1808 stodori
424 1753 577 1812 dictiones
614 1749 819 1830 (ἀμέτρητος,
857 1749 1032 1829 ἀχραντος,
1071 1749 1253 1830 βοώμενος,
1291 1749 1367 1827 ἐμὸς

267 1853 480 1929 σκηπτοῦχος,
513 1851 683 1929 πελώριος,
718 1850 898 1931 πολύιδρις)
932 1873 991 1912 nec
1020 1873 1053 1912 re
1086 1855 1212 1911 metrica
1241 1854 1367 1910 abelus

267 1970 323 2011 usu
347 1954 510 2029 discrepet,
534 1964 564 2011 et
587 1957 732 2030 temporis
765 1957 900 2013 rationes
935 1957 1131 2021 conveniant,
1166 1956 1304 2030 suspicor
1327 1955 1365 2011 ab

265 2055 334 2129 ipso
367 2057 571 2130 compositum
604 2075 682 2114 esse.
707 2089 745 2096 -
776 2077 802 2115 v.
827 2056 886 2129 408
911 2052 1115 2132 ἐϋῤῥειώνῑ
1151 2059 1189 2112 ex
1222 2057 1367 2113 similibus

266 2156 392 2212 vocibus
420 2152 565 2232 ἐΰρροος,
597 2153 741 2234 έϋρῤεής,
776 2154 948 2234 ἑϋῤῥείτης,
983 2154 1136 2233 έϋῤῥεῑος,
1171 2174 1251 2230 quae
1284 2158 1367 2232 apud

268 2257 437 2314 Homerum
459 2258 599 2333 aliosque
622 2259 827 2328 inveniuntur,
861 2259 945 2316 nulla
974 2260 1005 2316 in
1034 2276 1153 2315 versum
1187 2259 1366 2332 quadrabat.

367 2359 423 2417 His
448 2361 594 2417 nonnulla
614 2363 749 2435 adiungo
766 2379 846 2436 quae
861 2362 978 2418 dudum
1000 2361 1031 2417 in
1054 2376 1225 2418 sermonem
1248 2359 1367 2433 epicum

268 2469 394 2535 recepta
416 2459 632 2520 Christodorus
663 2481 744 2518 novo
768 2465 903 2536 quodam
926 2479 1018 2519 sensu
1043 2461 1192 2518 instruxit.
1216 2491 1253 2500 —
1278 2478 1304 2518 v.
1330 2475 1363 2516 21

268 2555 545 2635 ἀμφιέλισσος,
568 2564 653 2636 quod
675 2565 759 2638 apud
780 2563 949 2620 Homerum
972 2563 1044 2620 solis
1070 2562 1197 2619 navibus
1220 2561 1366 2627 tribuitur,

269 2662 434 2718 audaciore
456 2663 656 2720 translatione
677 2664 744 2720 voci
777 2660 906 2739 μενοινή
941 2664 1113 2739 appositum
1147 2671 1208 2732 est3
1240 2661 1367 2718 similem

267 2761 356 2819 huius
384 2763 527 2820 adiectivi
558 2781 646 2821 usum
679 2767 762 2838 apud
796 2773 890 2821 unum
912 2763 1150 2838 Triphiodorum
1180 2762 1367 2836 investigavi,

268 2864 354 2921 cuius
383 2865 414 2920 in
440 2883 466 2921 v.
491 2863 549 2939 667
579 2860 671 2939 ἀοιδή
695 2861 723 2925 ἀ.
746 2858 896 2943 legitu12).
914 2897 953 2905 -
969 2884 1013 2924 vv.
1037 2867 1084 2922 οι.
1109 2879 1145 2939 73
1171 2858 1368 2938 εἰσοπίσω,

268 2966 352 3041 quod
375 2967 449 3023 alias
472 2967 672 3042 temporalem
695 2985 815 3042 semper
837 2966 961 3024 exhibet
989 2965 1201 3040 significatum,
1235 2964 1366 3021 crinibus

268 3086 287 3123 a
305 3074 393 3140 tergo
415 3068 563 3142 colligatis
587 3077 718 3142 aptatur.
755 3070 829 3125 item
850 3068 975 3124 insolito
1002 3084 1087 3124 more
1112 3085 1136 3126 v.
1159 3064 1197 3122 62
1221 3060 1368 3139 συνείρ-

268 3184 350 3239 γειν
373 3169 413 3225 de
436 3170 567 3226 crInibus
589 3171 620 3225 in
642 3170 759 3226 nodum
782 3169 971 3243 colligendis,
1000 3187 1026 3228 v.
1049 3167 1087 3240 63
1112 3162 1368 3228 ἀναστέλλειν

268 3270 308 3326 de
327 3270 422 3327 oculis
446 3271 588 3328 tollendis
612 3271 729 3329 dIcitur.
753 3288 858 3327 versus
882 3286 932 3345 74,
956 3285 994 3344 75

367 3368 488 3445 γυμνὸς
513 3367 580 3445 ἔην,
603 3367 652 3432 ὅτι
673 3372 771 3432 πᾶσιν
794 3367 1050 3447 ἀνειρομένοισιν
1072 3365 1238 3430 Ἀπόλλων

339 3483 340 3486 ’
366 3472 533 3547 γυμνῶσαι
555 3469 711 3548 δεδάηκεν
734 3468 856 3547 ἀληθέα
879 3470 979 3547 δήνεα
1001 3468 1126 3547 Μοίρης

269 3573 347 3632 ultro
370 3573 508 3632 indicant
540 3592 630 3648 quam
661 3576 701 3632 ob
728 3591 852 3632 causam
887 3574 1012 3632 verbum
1040 3571 1183 3647 γυμνοῦν
1206 3588 1287 3628 πονο
1308 3569 1368 3642 hoc

271 3692 364 3732 sensu
386 3676 559 3750 praeditum
582 3676 629 3734 sit.
653 3706 689 3715 -
715 3693 740 3730 v.
757 3673 797 3731 80
819 3671 1007 3745 συνάγειν
1031 3675 1070 3730 de
1088 3675 1271 3730 vestimento
1295 3687 1369 3726 con-

274 3775 425 3833 trahendo
448 3777 564 3833 dictum
587 3776 658 3832 alibi
672 3792 734 3832 non
757 3776 868 3834 inveni.
891 3805 931 3816 --
956 3794 981 3833 v.
999 3790 1034 3850 οι
1061 3771 1260 3850 σύρεσθαι,
1284 3773 1369 3847 quod

370 4007 395 4075 1)
415 4009 447 4060 ci.
465 4009 603 4060 Ludwich.
622 4010 641 4060 1,
660 4009 679 4060 l.
698 4026 723 4074 p.
741 4022 791 4074 104
804 4025 862 4075 sqq.

370 4097 397 4165 2)
416 4098 487 4164 apud
510 4099 640 4148 ‘Nounum
668 4097 788 4164 λμάσθλη
814 4097 839 4150 ἀ.
860 4099 999 4164 (XLVIII,
1015 4097 1077 4164 328)
1098 4096 1167 4163 apud
1187 4095 1300 4146 Paulum
1319 4095 1370 4146 Sil.

271 4185 387 4250 (ambon.
411 4185 480 4252 119.)
500 4185 602 4254 κρηπίς
620 4185 655 4253 ἀ,
675 4187 746 4254 apud
763 4189 890 4237 Ioannem
908 4187 971 4238 Gar.
992 4185 1027 4253 (v.
1041 4186 1105 4253 314)
1125 4184 1207 4252 μίτρη
1226 4183 1251 4242 ἀ.
