3122 4904
721 302 752 362 17

186 461 408 542 interpretandi
434 473 501 524 arte
528 473 649 524 statuae
674 465 852 536 tribuamus,
880 485 989 529 necne.
1027 463 1182 528 siminus
1213 482 1286 526 con-

189 569 279 638 cinat,
304 569 414 626 falsum
436 585 507 626 esse
529 576 561 624 et
583 568 665 625 aliud
687 586 801 625 nomen
824 569 1080 648 substituendum.

286 671 389 742 Quam
415 688 478 727 non
504 670 666 745 probanda
693 671 732 726 sit
764 670 842 728 haec
871 671 923 728 viri
957 673 1042 729 docti
1072 673 1148 729 ratio
1176 689 1214 728 ex
1241 672 1286 730 eis

187 781 317 848 apparet
338 789 417 847 quae
441 789 533 845 supra
557 767 582 846 ἓ
601 789 618 846 3
642 772 683 827 de
704 770 897 828 Christodori
919 773 1124 848 descriptione
1145 775 1287 830 universa

187 873 324 946 exposui.
360 873 499 931 nimirum
526 873 633 947 Lange
665 890 728 929 non
759 880 823 931 tam
855 882 981 949 propter
1012 892 1112 948 pauca
1139 893 1178 932 ea
1206 893 1285 949 quae

188 974 331 1030 dicuntur
352 991 389 1031 ac
410 975 589 1049 plerumque
611 973 706 1032 titulis
728 976 843 1048 optime
863 977 1058 1044 conveniunt,
1082 976 1138 1033 hos
1161 977 1286 1051 respuit,

187 1091 280 1148 quam
303 1082 427 1149 propter
450 1091 497 1143 ea,
533 1091 612 1149 quae
635 1075 665 1130 in
692 1084 805 1149 poetae
828 1075 967 1132 oratione
988 1077 1053 1150 ipse
1076 1077 1235 1134 desiderat
1256 1085 1288 1132 et

116 1221 117 1224 η
186 1175 244 1232 nisi
266 1176 297 1232 in
320 1177 428 1232 statuis
451 1191 575 1248 quoque
597 1175 779 1247 defuissent,
813 1174 1046 1233 Christodorum
1073 1194 1136 1232 non
1158 1176 1287 1234 omissu-

187 1294 253 1333 rum
275 1277 370 1334 fuisse
392 1277 548 1352 opinatur;
575 1278 661 1350 quasi
684 1278 716 1333 id
738 1277 787 1334 hic
809 1278 915 1353 egerit,
943 1287 977 1334 ut
1000 1278 1156 1335 absolutas
1179 1259 1296 1334 ederet'

188 1377 421 1454 descriptiones,
449 1385 502 1433 aut
528 1377 721 1433 membratim
748 1365 840 1451 signa'
858 1385 1024 1436 enarraret.
1060 1379 1164 1452 itaque
1187 1397 1227 1436 ne
1250 1395 1287 1434 ea

190 1479 315 1554 quidem
336 1478 471 1545 nomina,
495 1495 575 1553 quae
592 1477 699 1552 Lange
720 1479 902 1535 traditorum
924 1478 993 1535 loco
1016 1479 1170 1536 nonnullis
1194 1481 1287 1554 signis

188 1579 321 1636 tribuere
344 1587 472 1637 conatus
495 1588 553 1648 est,
589 1585 698 1654 utpote
726 1597 765 1636 ex
791 1579 865 1654 ipsis
893 1580 948 1638 illis
971 1565 1287 1639 Christodoridecla-

188 1682 373 1739 mationibus
395 1679 476 1753 ficta,
499 1680 586 1738 ullius
610 1689 681 1738 sunt
702 1679 800 1756 pretii.

288 1782 357 1840 Alia
378 1790 560 1860 argumenta
583 1782 895 1856 circumspicientibus
913 1783 1002 1840 nobis
1029 1783 1158 1859 primum
1180 1800 1288 1862 eaoc·

189 1891 322 1951 currunt,
353 1900 432 1957 quae
454 1882 505 1938 alii
529 1882 693 1956 scriptores
717 1884 756 1939 de
780 1882 928 1958 Zeuxippi
950 1885 1057 1941 statuis
1080 1885 1288 1957 tradiderunt;

190 1993 222 2041 at
248 2001 286 2040 ex
309 1984 377 2041 loco
405 1984 557 2041 uberrimo
580 1981 714 2041 Cedreni
746 2002 776 2058 p.
799 1983 859 2056 648
892 1985 933 2040 nil
965 1986 1111 2043 discimus
1144 1987 1202 2043 nisi
1223 1986 1289 2044 Ho-

188 2084 263 2141 meri
286 2092 429 2162 statuam‚
461 2102 551 2159 quam
574 2082 792 2142 Christodorus
815 2083 871 2141 LX
896 2085 1031 2142 versibus
1054 2087 1228 2156 celebravit,
1255 2106 1287 2144 re

190 2203 262 2243 vera
279 2186 372 2243 fuisse
386 2188 522 2280 omnipm
537 2185 810 2259 praeclarissimam
818 2200 828 2264 3¹
849 2203 950 2260 neque
965 2187 1042 2242 alter
1061 2187 1147 2244 locus
1163 2186 1287 2262 supra¹)

189 2294 377 2344 memoratus
401 2286 534 2343 chronici
556 2283 661 2360 pasch.
684 2303 713 2361 p.
738 2299 797 2360 595
824 2284 992 2359 quidquam
1013 2288 1150 2361 prodest.

290 2386 393 2444 Unum
413 2394 519 2454 restat,
549 2395 584 2443 ut
605 2403 642 2442 ex
665 2385 759 2444 titulis
782 2386 855 2460 ipsis
877 2387 1091 2444 auctoritatem
1113 2404 1219 2445 eorum
1242 2388 1289 2443 iu-

190 2488 327 2546 dicemus
337 2486 372 2564 ²).
409 2488 553 2562 quocirca
586 2489 647 2544 iam
684 2488 871 2544 enumerabo
908 2495 1042 2557 statuas,
1076 2506 1155 2563 quae
1193 2490 1288 2546 tribus

189 2589 352 2664 generibus
376 2590 514 2660 deorum,
537 2589 673 2658 heroum,
696 2589 827 2645 virorum
846 2587 1006 2645 illustrium
1030 2590 1193 2646 commode
1216 2590 1288 2646 sub·

189 2689 364 2765 iunguntur.

189 2788 212 2848 I.
246 2789 321 2847 Dii:

273 2889 446 2967 Neptunus,
478 2893 634 2969 Apollines
655 2901 727 2962 tres,
763 2891 900 2950 Veneres
934 2893 1075 2963 totidem,
1108 2893 1288 2964 Mercurius,

316 2992 428 3071 Diana,
449 2993 606 3056 Herculea.

191 3092 229 3152 Π.
264 3092 406 3152 Heroes
429 3104 468 3154 et
489 3095 683 3155 heroinae:

290 3191 320 3269 a)
343 3213 381 3253 ex
403 3197 487 3272 cyclo
509 3197 611 3256 iliaco:

274 3297 415 3373 Achilles,
445 3299 519 3356 Aias
547 3297 758 3369 Telamonius,
785 3300 859 3358 Aias
881 3300 1008 3368 Locrus,
1041 3297 1156 3368 Ulixes,
1183 3298 1290 3356 Mene·

314 3397 392 3466 laus,
414 3398 518 3475 Pyrrhi
540 3401 613 3470 duo,
637 3399 776 3470 Calchas,
800 3397 940 3478 Chryses.
963 3431 1003 3440 -
1024 3398 1153 3458 Helena.

274 3496 368 3567 Paris,
388 3500 523 3568 Aeneas,
545 3499 740 3580 DeiphobuS‚
769 3499 916 3570 Helenus,
944 3501 1113 3576 Sarpedon,
1146 3508 1291 3574 quattuor

316 3617 406 3658 senes
420 3594 602 3680 (Panthous,
625 3601 823 3678 Thymoetes
841 3603 992 3678 Lampon,
1015 3601 1153 3677 Clytius).
1169 3634 1210 3642 -
1225 3599 1289 3657 He·

317 3701 411 3771 cuba,
448 3703 679 3773 Andromache,
718 3703 888 3778 Polyxena,
926 3701 1117 3770 Cassandra,
1156 3700 1287 3769 Creusa,

317 3801 457 3864 Oenone.

195 3952 391 3962 ——.

294 4056 305 4094 1
337 4045 370 4096 cs.
409 4045 454 4097 ,8.

292 4041 318 4198 zl
335 4061 452 4197 Longius
471 4150 579 4200 quoque
598 4135 626 4184 in
644 4135 712 4185 hanc
730 4141 830 4201 partem
848 4133 993 4201 disputavit
1010 4149 1097 4200 neque
1114 4149 1178 4184 vero
1196 4133 1241 4194 ita,
1260 4138 1289 4182 ut

192 4221 317 4286 oportuit.

1075 4321 1090 4360 2
