3122 4904
377 477 412 556 b)
433 495 472 538 ex
493 479 558 540 aliis
582 481 685 556 cyclis:

364 583 574 658 Amphitryon,
598 582 810 658 Amphiaraus.

365 684 547 760 Melampus,
570 683 726 760 Polyidus,
749 684 864 757 Aglaos
887 677 938 758 (i).

362 785 472 854 Dares
495 785 645 844 Entellus

364 889 462 962 Auge.
496 887 675 963 Amymone.

281 1013 333 1073 111.
370 1013 452 1072 Viri
475 1014 711 1089 feminaeque
733 1013 918 1070 illustres:

366 1131 530 1200 Homerus,
565 1130 733 1200 Hesiodus,
769 1129 984 1205 Palaephatus,
1018 1125 1210 1203 Terpander,
1242 1127 1380 1193 Alcman,

408 1231 542 1307 Sapphn,
559 1232 682 1302 Erinna,
698 1231 902 1299 Stesichorus,
918 1229 1077 1298 Pindarus,
1094 1228 1278 1296 Simonides,
1294 1227 1380 1286 Euri·

406 1333 506 1407 pideS,
519 1331 672 1398 Cratinus,
694 1331 875 1405 Menander,
899 1331 1052 1388 Homerus
1066 1328 1239 1405 Byzantius.
1254 1361 1291 1368 -
1305 1327 1382 1384 Ver·

407 1435 506 1508 gilius,
535 1433 712 1509 Appuleius.

368 1536 586 1602 Anaximenes,
610 1534 814 1609 Pherecydes,
838 1532 1035 1609 Pythagoras,
1059 1531 1244 1599 Heraclitus,
1266 1529 1382 1588 Demo-

409 1637 512 1705 critus,
536 1635 634 1705 Plat0‚
657 1635 850 1694 Aristoteles.

366 1738 558 1806 Herodotus,
582 1735 792 1812 Thucydides
815 1735 1001 1811 Xenophon.

370 1837 514 1906 Pericles
531 1837 717 1906 Alcibiades,
736 1837 898 1905 Isocrates,
916 1836 1128 1906 Charidemus,
1144 1833 1383 1902 Demosthenes,

411 1938 590 1998 Aeschines,
609 1970 647 1979 -
664 1938 838 2014 Pompeius
862 1935 986 1998 Caesar.

386 2040 506 2111 Quibus
530 2042 685 2098 accedunt
707 2041 772 2098 sine
794 2040 919 2096 nomine
938 2037 1205 2113 hermaphroditus
1223 2046 1256 2094 et
1276 2036 1383 2094 incerti

411 2141 542 2198 nominis
564 2141 657 2215 pugil.

385 2257 470 2316 Deos
493 2259 619 2332 quidem
642 2259 736 2315 etiam
751 2258 968 2316 'recentissima
990 2265 1094 2315 aetate
1116 2257 1226 2314 artium
1247 2257 1382 2316 iudicem

284 2367 368 2416 recte
391 2366 422 2415 et
444 2360 483 2416 ab
504 2359 678 2417 hominibus
707 2359 911 2434 heroibusque
939 2367 971 2416 et
993 2359 1073 2415 inter
1094 2359 1177 2433 ipsos
1206 2357 1382 2415 distinxisse

253 2453 254 2457 ’
285 2460 376 2518 facile
397 2461 486 2518 nobis
508 2462 741 2535 persuademus,
777 2461 875 2536 magis
890 2461 1024 2518 idoneae
1046 2460 1089 2516 ad
1111 2459 1204 2515 fidem
1226 2459 1383 2516 titulorum

286 2559 521 2616 examinandam
543 2559 671 2616 heroum
694 2568 814 2618 statuae
837 2569 917 2629 sunt,
940 2577 1016 2635 quas
1032 2559 1077 2616 sic
1100 2559 1247 2634 disposui,
1271 2566 1304 2615 ut
1320 2575 1382 2634 quo

259 2667 260 2670 ’
286 2662 413 2718 tendam
444 2660 533 2717 facile
565 2661 740 2736 intellegas:
774 2661 840 2718 iure
869 2662 950 2718 enim
968 2660 1135 2727 miraberis
1168 2660 1255 2734 quod
1276 2676 1384 2716 omnes

287 2762 349 2819 fere
372 2760 481 2819 heroes
505 2771 536 2819 et
558 2761 703 2819 heroinae
727 2763 768 2820 ad
789 2763 911 2819 iliacum
933 2760 1050 2836 cyclum
1070 2761 1234 2836 pertinent,
1256 2778 1295 2817 ex
1316 2759 1385 2816 reli-

288 2863 354 2937 quis
375 2861 584 2938 Amphitryon,
618 2863 831 2939 Amphiaraus,
863 2862 1045 2938 Melampus,
1079 2860 1225 2936 Polyidus
1253 2861 1328 2918 item
1353 2859 1386 2916 in

287 2961 415 3021 Homeri
449 2965 632 3021 carminibus
655 2972 939 3023 commemorantur.
976 2979 1080 3019 nonne
1101 2978 1237 3018 conexus
1259 2959 1308 3016 hic
1330 2976 1386 3015 no·

287 3065 403 3121 minum
436 3082 630 3140 summopere
653 3065 783 3123 offendit
804 3065 835 3121 in
858 3064 978 3132 statuis,
1012 3080 1089 3139 quas
1113 3080 1151 3118 ex
1174 3059 1386 3119 diversissimis

287 3165 404 3241 imperii
425 3165 558 3223 Romani
581 3167 742 3241 provinciis
765 3166 944 3241 Byzantium
974 3172 1139 3239 congestas
1163 3179 1233 3220 esse
1256 3155 1386 3219 scimus?

289 3267 412 3324 accedit
428 3268 509 3325 aliud
527 3269 611 3343 quod
630 3269 836 3343 suspicionem
851 3275 968 3326 movet:
992 3265 1129 3340 quamvis
1151 3264 1233 3321 enim
1248 3262 1388 3321 sollerter

290 3367 402 3426 Graeci
424 3387 463 3425 ex
484 3369 615 3444 parvulis
639 3369 824 3443 quibusdam
845 3369 936 3438 notis,
971 3383 1135 3443 quemnam
1167 3373 1271 3423 statua
1293 3379 1388 3438 quae-

289 3469 363 3526 libet
384 3478 638 3544 repraesentaret,
661 3467 915 3545 perspexerim),
950 3478 1054 3526 tamen
1080 3484 1143 3527 uon
1164 3466 1256 3546 pauci
1277 3452 1388 3522 heroes

290 3568 383 3627 fuisse
405 3571 437 3626 in
459 3571 617 3646 Zeuxippo
643 3571 737 3628 efficti
768 3569 920 3640 dicuntur,
953 3588 1031 3645 quos
1058 3567 1210 3626 eiusmodi
1231 3565 1312 3624 notis
1333 3565 1389 3620 de-

291 3669 404 3744 signari
416 3672 556 3746 potuisse
578 3673 756 3746 negandum
771 3681 828 3730 est.
859 3689 900 3728 an
915 3680 949 3728 tu
966 3679 1056 3746 putas
1072 3667 1227 3727 Oenonen
1248 3674 1280 3723 et
1295 3665 1390 3723 Creu·

292 3788 358 3828 sam
380 3779 443 3828 tam
456 3789 550 3848 saepe
566 3771 605 3828 ab
629 3773 793 3829 artificibus
809 3789 971 3847 expressas
994 3787 1074 3840 esse,
1095 3777 1129 3826 ut
1146 3777 1248 3828 certae
1262 3766 1390 3824 notulae

291 3872 566 3943 circumferrentur,
594 3874 704 3948 quibus
739 3880 856 3930 statuas
888 3888 993 3928 earum
1022 3887 1100 3928 unus
1134 3869 1263 3944 quisque
1295 3867 1389 3924 homo

293 3973 365 4030 artis
387 3974 502 4048 peritus
525 3970 726 4050 agnosceret?
763 3974 837 4048 quid
859 3991 930 4029 vero
956 3973 996 4028 de
1019 3979 1163 4046 quattuor
1185 3970 1240 4027 illis
1263 3967 1390 4026 senibus

394 4218 420 4289 1)
436 4222 470 4273 ci.
489 4222 622 4273 Plutarch.
643 4223 688 4274 vit.
707 4222 783 4273 Aret.
804 4237 825 4273 c.
839 4233 863 4284 3.
