3122 4904
721 264 754 318 49

288 449 315 489 v.
340 445 399 506 325
426 427 551 506 βότρυς.

288 551 315 592 ν.
343 548 401 604 141
422 531 540 606 χεῖρας.
564 532 601 592 cf.
625 531 755 592 Colluth.
791 551 817 592 v.
842 547 901 607 355
925 533 1087 607 γυναῖκας.

290 652 316 691 v.
341 632 401 707 328
423 627 481 707 ἦεν
505 635 589 707 quod
613 613 793 691 vocabulum
815 635 928 690 eodem
960 652 1064 692 versus
1088 635 1156 692 loco
1180 654 1199 692 a
1221 633 1288 691 Tri·

188 731 341 808 phiodoro
374 753 401 789 v.
426 747 485 807 573
507 734 624 790 Ioanne
647 733 772 792 Gazaeo
796 730 829 793 Β.
849 751 902 807 24.
936 732 1078 810 Collutho
1100 754 1126 793 v.
1152 749 1208 808 277
1232 753 1288 810 po-

192 834 283 890 situm
319 842 377 894 est.
414 843 498 891 recte
531 833 721 892 Werniclrius
731 828 754 913 ¹)
792 835 963 894 observavit
1001 827 1146 894 Nonnum
1182 853 1289 892 omnes

189 952 293 992 versus
319 953 392 993 suos
413 936 564 993 eiusmodi
586 936 743 994 vocabulis
767 936 923 1005 clausisse,
954 937 1063 1011 quibus
1086 954 1105 998 ν
1127 937 1289 1011 paragogi·

189 1053 259 1092 cum
292 1037 366 1094 addi
396 1055 458 1093 non
492 1045 607 1116 posset.
645 1055 705 1112 qua
728 1038 759 1094 in
779 1056 813 1094 re
836 1055 905 1094 cum
939 1039 1032 1113 ceteri
1054 1037 1156 1095 Nonni
1189 1045 1289 1094 secta-

173 1144 274 1194 tores
289 1120 395 1196 ¹minus
430 1138 591 1212 diligenter
617 1137 750 1206 fuerunt,
780 1146 845 1200 ium
866 1136 1083 1196 Christodorus
1108 1139 1289 1214 aliquotiens

190 1247 297 1296 contra
318 1240 526 1314 praeceptoris
548 1239 685 1314 regulam
703 1241 856 1315 peccavit:
880 1247 1002 1314 praeter
1023 1234 1081 1312 ἦεν
1104 1241 1198 1314 quod,
1222 1257 1291 1296 cum

189 1333 463 1412 ἦε1101111111011111,
486 1341 533 1396 vix
554 1358 706 1412 numeres,
730 1359 819 1398 versu
839 1356 872 1414 15
893 1335 1058 1421 ἀγορῇσιν,
1081 1360 1108 1399 v.
1126 1339 1184 1415 263
1208 1336 1290 1416 φασί

189 1441 222 1496 111
244 1450 381 1499 0111101110
403 1459 492 1499 versu
513 1443 632 1516 legitur.
1271 1454 1275 1461 ’

290 1562 315 1603 v.
343 1558 398 1619 175
423 1544 529 1618 μῆτερ.
553 1543 590 1603 01.
613 1543 714 1604 Nonn.
737 1543 847 1604 XLIV.
864 1559 925 1618 300
947 1539 980 1604 Τ.
1003 1559 1069 1618 100.

291 1643 381 1716 Quae
406 1653 566 1719 praeterea
600 1645 735 1720 syllabae
770 1645 877 1702 breves
907 1647 937 1702 in
965 1646 1100 1703 clausula
1123 1644 1299 1702 hexametri·

191 1747 276 1820 apud
289 1743 523 1803 Christodorum
545 1754 617 1802 sunt
641 1742 700 1821 (vv.
719 1761 767 1804 22.
786 1745 834 1805 62.
855 1761 923 1806 101.
952 1761 1017 1820 103.
1046 1745 1112 1803 182.
1135 1744 1204 1804 216.
1221 1761 1289 1819 223.

192 1861 261 1920 231·
286 1845 354 1919 236·
381 1846 450 1921 238·
472 1861 542 1920 251-
567 1860 636 1922 275·
662 1845 816 1922 282·309·
842 1860 1195 1921 5221521555555·
1220 1861 1289 1921 372·

192 1947 262 2020 382.
284 1947 354 2020 384.
380 1947 449 2022 386.
470 1963 541 2022 403.
557 1964 630 2020 411.
645 1943 732 2022 414.)
755 1950 875 2004 etiamsi
897 1966 1003 2006 omnes
1019 1947 1121 2006 Nonni
1144 1947 1291 2022 exemplis

190 2049 343 2106 nonnullis
371 2048 536 2118 firmantur,
571 2057 674 2106 tamen
707 2049 790 2106 illum
823 2051 853 2107 in
888 2051 1024 2108 clausula
1047 2067 1152 2108 versus
1170 2049 1292 2108 confor-

190 2149 306 2205 manda
319 2144 420 2206 minus
436 2149 613 2225 diligentem
628 2149 741 2208 Nonno
763 2151 857 2213 fuisse
880 2151 1045 2208 clarissime
1068 2150 1291 2206 demonstrant.

293 2249 341 2307 Ex
378 2252 422 2309 015
460 2269 541 2327 quae
578 2270 670 2328 supra
701 2271 730 2327 p.
754 2269 825 2325 41.·
850 2253 979 2328 exposui
1018 2251 1230 2326 monosyllaba
1274 2269 1292 2307 a

190 2347 361 2410 Nonnianis
385 2360 521 2409 extrema
543 2371 648 2411 versus
671 2355 748 2410 sede
781 2354 917 2411 admissa
952 2370 1021 2410 esse
1045 2353 1155 2421 elucet,
1189 2369 1291 2426 neque

188 2451 281 2526 longa
303 2461 429 2511 tantum·
442 2450 536 2528 (sicut
556 2457 640 2529 apud
656 2453 887 2513 Christodorum
896 2451 970 2529 ,χείρ
985 2473 1012 2514 v.
1029 2470 1066 2511 10
1086 2450 1159 2529 φώς
1175 2472 1201 2514 v.
1215 2445 1290 2531 320)

189 2553 248 2610 sed
270 2553 373 2610 brevia
395 2571 519 2631 quoque
552 2555 637 2613 haud
659 2572 741 2614 raro:
776 2557 805 2615 111
831 2556 972 2631 0041111251
994 2564 1040 2612 101
1063 2552 1129 2631 μέν,
1152 2563 1199 2611 101
1220 2549 1290 2628 γάρ,

188 2654 296 2711 novies
318 2651 354 2715 δέ
377 2654 477 2712 thesin
500 2665 618 2715 sextam
642 2667 784 2732 occupat.
820 2657 948 2715 Nonnus
971 2673 1041 2714 cum
1062 2655 1204 2713 brevibus
1227 2671 1292 2711 mo·

188 2754 356 2830 nosyllabis
378 2757 409 2813 in
431 2774 535 2814 versus
559 2757 695 2816 clausula
716 2759 840 2816 minime
862 2758 1026 2825 abstineat,
1059 2772 1216 2830 nunquam
1238 2772 1292 2810 en-

189 2853 293 2912 0111100
315 2857 528 2933 monosyllabo
550 2857 761 2917 hexametrum
776 2859 890 2917 claudit
902 2855 944 2936 2);
968 2859 1016 2916 cui
1034 2857 1093 2932 legi
1109 2858 1140 2913 in
1155 2843 1293 2931 ecphrasi

188 2964 297 3014 nostra
319 2958 401 3015 solus
423 2977 451 3016 v.
467 2975 528 3016 220
550 2961 719 3018 contrarius
734 2970 792 3029 est,
815 2961 867 3018 ubi
881 2955 943 3034 γάρ
957 2975 1022 3020 που
1043 2959 1157 3033 pedem
1171 2965 1292 3014 sextum

190 3049 319 3134 tenet³).

291 3156 434 3235 Denique
456 3178 495 3218 ex
516 3180 596 3219 nova
618 3179 742 3237 prorsus
772 3163 842 3238 lege
870 3163 964 3220 etlam
986 3160 1102 3232 Quinto
1125 3159 1291 3233 Smyrnaeo
1356 3153 1360 3160 ’

188 3259 283 3336 4112110
313 3262 418 3336 ignota
439 3262 533 3322 ,idem
566 3262 695 3321 Nonnus
727 3265 757 3321 in
785 3265 867 3321 exitu
900 3281 1005 3320 versus
1038 3260 1292 3337 proparoxytonis

188 3361 304 3435 ubique
336 3361 522 3439 abstinuit4).
560 3363 776 3426 Christodorus
806 3366 865 3423 hac
895 3367 926 3422 in
957 3383 988 3421 re
1020 3382 1082 3421 uno
1117 3379 1205 3420 versu
1231 3361 1292 3434 386

190 3455 334 3538 excepto,
362 3466 415 3540 qui
436 3465 498 3522 exit
519 3465 550 3522 in
573 3463 753 3544 petionem)
786 3467 873 3525 ducis
906 3467 1036 3540 vestigia
1059 3465 1149 3521 anxie
1170 3464 1290 3539 pressit.

294 3739 318 3808 1)
336 3740 355 3792 l.
374 3739 392 3794 l.
411 3756 435 3806 p.
449 3739 491 3790 66.

291 3827 318 3894 2)
338 3828 370 3878 cs.
389 3827 486 3877 Plew.:
508 3827 595 3876 annal.
615 3826 710 3893 philol.
735 3827 800 3890 1867
820 3843 845 3893 p.
866 3827 916 3890 847
928 3845 985 3894 sqq.

291 3914 319 3984 3)
338 3916 372 3965 de
392 3915 566 3965 antecedente
585 3915 800 3980 monosyllabum
818 3915 846 3963 in
859 3917 979 3967 clausula
992 3916 1141 3966 adhibitum
1161 3915 1293 3966 vocabulo

188 4001 370 4054 choriambico
391 4017 469 4069 supra
486 4018 511 4068 p.
529 4003 563 4053 26
583 4019 622 4070 sq.
645 4002 785 4068 disputavi.

293 4093 317 4155 4)
336 4091 475 4141 Ludwich.
495 4090 582 4141 annal.
601 4089 697 4156 philol.
721 4089 796 4151 1874.

293 4178 318 4247 5)
337 4180 369 4230 cf.
388 4178 502 4230 Anthol.
521 4179 574 4238 1x,
597 4179 693 4243 187,1.
725 4178 852 4243 μέλισσαι
876 4178 939 4228 item
963 4178 991 4227 in
1011 4177 1130 4228 clausula
1148 4177 1203 4241 legi
1223 4178 1293 4243 apud

1079 4281 1095 4332 4
