3122 4904
728 301 763 358 47

287 481 288 488 ¹
343 459 367 526 l.
389 463 540 528 vocabula
562 466 733 544 trisyllaba:

294 583 327 665 a)
348 613 370 643 a
382 603 424 647 m.
440 605 469 648 c,
484 587 503 645 l.
521 610 576 646 re.
602 588 755 645 eiusmodi
776 573 927 647 voeabula
954 589 1139 666 positionem
1162 590 1295 651 debilem

197 673 300 765 apud!
320 686 552 746 Christodorum
582 689 744 766 quinquies
773 691 804 748 in
829 687 908 748 thesi
929 690 958 748 II
979 686 1039 770 (vv.
1060 709 1110 768 49.
1133 707 1202 767 235.
1224 709 1295 772 309.

197 803 268 864 333.
284 782 369 868 356.)
391 790 486 847 semel
509 785 551 868 (v.
568 787 644 865 345)
666 791 698 848 in
718 789 799 849 thesi
820 789 865 848 IV
885 792 1050 867 patiuntur.

296 887 330 968 b)
353 918 401 948 Α
420 907 461 952 m.
477 891 539 952 c..l.
563 914 597 952 r.
621 887 771 954 εὐόπλων
793 894 824 950 in
847 893 925 951 thesi
947 891 975 950 Il
995 911 1099 952 versus
1124 895 1172 956 28.

346 1008 382 1068 11.
407 1007 558 1067 vocabula
582 1017 727 1083 quattuor
749 1011 945 1085 syllabarum:
1136 1071 1139 1078 ,

295 1103 326 1189 ο)
348 1139 370 1168 2
389 1129 429 1170 m.
450 1128 476 1169 c.
500 1111 516 1168 l.
539 1134 559 1168 r
572 1151 588 1168 e
604 1150 633 1169 ο.
654 1110 728 1169 talia
744 1113 828 1187 apud
849 1110 1081 1171 Christodorum
1103 1123 1149 1173 ter
1172 1115 1203 1172 in
1214 1115 1294 1174 thesi

195 1209 241 1268 IV
264 1214 324 1288 (vv.
351 1227 418 1285 132.
443 1227 513 1270 221.
537 1204 624 1290 305.)
648 1210 743 1270 semel
766 1214 798 1270 in
820 1211 899 1272 thesi
921 1213 964 1271 lll
986 1211 1026 1290 (v.
1044 1211 1120 1292 312)
1150 1216 1295 1292 syllabam

198 1312 322 1370 brevem
337 1319 410 1370 ante
424 1321 539 1372 mutam
565 1331 635 1371 cum
656 1313 772 1388 liquida
789 1314 973 1388 producunt.

295 1409 330 1490 d)
351 1435 404 1472 aa
427 1431 467 1476 m.
484 1431 510 1473 c.
526 1415 547 1475 l.
567 1436 617 1472 aa
640 1407 846 1490 Ἡράκλειτος
865 1415 896 1471 in
918 1431 1023 1473 versus
1046 1430 1108 1489 354
1130 1417 1208 1474 thesi
1230 1417 1268 1477 ΙΙ.

297 1523 629 1610 e)„a=m.c.l.r.

347 1649 398 1709 III.
420 1650 569 1708 vocabula
591 1649 725 1726 quinque
747 1649 943 1725 syllabarum:

296 1749 323 1827 f)
352 1779 373 1808 a
394 1769 434 1812 m.
459 1769 486 1811 c.
508 1751 526 1811 l.
547 1773 662 1808 rw-

296 1849 330 1928 g)
351 1879 372 1907 ε
393 1871 433 1911 m.
456 1869 483 1912 c.
506 1851 525 1912 l.
547 1873 659 1934 μου

295 1947 331 2027 b)
356 1969 466 2010 rann
490 1969 515 2012 c.
539 1951 658 2012 law

305 2045 328 2131 l)
351 2076 432 2111 vtes
452 2071 491 2112 m.
517 2071 544 2112 C.
567 2051 586 2112 Ῑ.
608 2075 658 2110 Lu

296 2150 327 2231 k)
348 2176 434 2212 Aa
454 2173 494 2213 m.
518 2172 545 2216 c.
568 2154 586 2214 l.
609 2177 628 2212 r
641 2171 674 2226 ,ς
697 2153 785 2234 (talia
805 2157 890 2232 apud
910 2156 1055 2216 Nonnum
1076 2175 1139 2215 non
1165 2155 1296 2234 extant.)

201 2274 272 2314 cnm
295 2256 445 2316 vocabula
467 2273 548 2330 quae
570 2255 683 2314 formas
706 2257 735 2325 b,
758 2257 789 2326 d,
812 2275 839 2328 e,
862 2259 872 2314 i
895 2260 1069 2336 exprimunt
1091 2259 1204 2317 omissa
1226 2276 1296 2335 pro·

197 2356 346 2414 ductione
368 2356 521 2432 dactylico
537 2357 637 2414 versui
658 2357 812 2426 resistant,
834 2357 1046 2433 relinquuntur
1065 2358 1157 2416 verba
1178 2358 1295 2417 formae

194 2475 225 2526 a,
249 2458 289 2515 de
311 2457 422 2534 quibus
456 2474 549 2534 supra
579 2458 639 2532 egi,
673 2467 705 2515 et
738 2457 856 2515 formae
878 2477 904 2528 c,
934 2475 1014 2534 quae
1047 2460 1192 2536 syllabam
1222 2468 1295 2517 ante

195 2568 312 2616 mutam
335 2567 367 2616 et
389 2558 538 2633 liquidam
561 2566 733 2633 correptam
765 2566 796 2615 et
826 2559 857 2616 in
886 2557 966 2616 thesi
993 2560 1091 2637 prima
1110 2569 1142 2617 et
1164 2561 1195 2616 in
1216 2559 1296 2618 thesi

194 2659 286 2717 tertia
308 2657 453 2716 exhibere
474 2658 608 2734 possint:
641 2658 746 2742 itaque
779 2660 884 2734 quales
918 2661 979 2717 sint
1010 2645 1079 2718 illae
1104 2677 1195 2718 voces
1218 2677 1294 2737 quas

196 2761 402 2837 productione
424 2761 566 2834 neglecta
588 2760 619 2816 in
644 2759 711 2817 solo
733 2777 841 2818 versus
862 2760 950 2818 initio
971 2762 1073 2820 locum
1094 2761 1210 2819 habere
1227 2760 1294 2819 Hil-

194 2861 320 2936 bergius
343 2861 513 2930 contendit,
535 2878 585 2917 me
608 2860 734 2936 quidem
756 2879 880 2936 prorsus
902 2862 985 2922 latet.

297 2961 383 3034 Quid
404 2979 476 3019 vero
506 2963 538 3019 in
570 2960 630 3020 bac
661 2961 730 3038 lege
767 2962 823 3019 sibi
850 2963 956 3020 volunt
981 2980 1019 3019 ea
1042 2961 1193 3021 vocabula
1214 2978 1294 3036 quae

193 3081 301 3124 versus
334 3063 452 3121 initium
485 3058 614 3120 tenent?
646 3061 821 3139 Hilbergius
852 3082 922 3122 cum
951 3064 982 3121 in
1009 3064 1106 3139 prima
1127 3061 1295 3119 hexametri

192 3165 274 3224 thesi
299 3163 380 3222 banc
408 3163 643 3239 productionem
665 3164 758 3238 paulo
781 3165 904 3239 saepius
930 3182 1022 3239 quam
1044 3165 1076 3221 in
1098 3162 1176 3220 thesi
1198 3163 1295 3221 altera

193 3265 243 3324 vel
264 3265 354 3323 tertia
376 3263 546 3322 adhibitam
573 3264 701 3332 videret,
733 3281 796 3321 non
819 3273 853 3322 ut
880 3264 1018 3322 debebat
1039 3264 1110 3322 huic
1132 3263 1212 3321 thesi
1234 3265 1291 3321 sed

195 3366 363 3439 vocabulis,
387 3383 406 3423 a
427 3365 538 3440 quibus
561 3382 665 3422 versus
687 3366 845 3441 inciperet,
866 3367 1013 3424 maiorem
1029 3366 1185 3442 quandam
1201 3364 1294 3422 licen·

195 3467 271 3526 tiam
293 3467 467 3526 vindicavit.
489 3483 591 3541 neque
613 3483 788 3541 quenquam
809 3484 871 3542 qua
886 3485 920 3524 re
936 3476 1107 3524 commotus
1129 3467 1161 3523 id
1187 3465 1293 3523 fecerit

193 3568 288 3644 fugit:
310 3585 423 3643 nempe
444 3567 574 3625 morosis
595 3566 643 3624 his
665 3567 705 3624 de
727 3567 881 3643 positione
912 3567 1005 3624 debili
1027 3565 1293 3625 observationibus

193 3669 290 3744 leges,
313 3685 390 3743 quas
412 3675 505 3725 antea
527 3668 568 3725 de
590 3667 773 3744 syllabarum
794 3667 1002 3743 pensitatione
1024 3668 1056 3725 in
1077 3683 1184 3724 versus
1205 3666 1293 3722 initio

195 3770 297 3848 minus
319 3777 430 3828 exacta
444 3768 583 3840 finxerat,
606 3763 744 3828 nonnihil
759 3767 817 3826 sibi
838 3769 920 3827 visus
938 3778 986 3828 est
1006 3767 1134 3828 firmare.
1156 3775 1293 3828 attamen

193 3889 244 3930 res
266 3871 487 3947 simplicissima
508 3879 569 3931 est:
603 3871 629 3929 si
655 3869 806 3948 bisyllaba
827 3871 952 3946 excipis,
975 3865 1148 3945 quinque1)
1172 3876 1293 3927 tantum

734 1801 886 1858 vocabula
907 1800 997 1860 huius
1019 1809 1189 1862 structurae
1212 1823 1274 1863 non

805 1902 947 1979 leguntur
968 1905 1052 1980 apud
1072 1904 1227 1968 Nonnum.

296 4126 323 4197 1)
342 4134 404 4180 sunt
421 4127 498 4182 baec:
515 4126 675 4194 Ἠρακλέηςζ
697 4123 859 4194 Ἀφροδίτη,
875 4122 1033 4193 ἀλλοτρίου,
1051 4122 1291 4192 ἀλλοπρόσαλλον,

191 4216 380 4285 Ἀμφιτρύων.
400 4217 434 4270 ci.
454 4216 621 4271 Scheindler.
639 4216 659 4267 l.
677 4215 697 4270 l.
716 4231 743 4283 p.
762 4215 806 4278 64.
