3122 4904
811 313 843 368 14

381 475 472 533 Anno
487 473 525 536 V.
548 473 707 534 Iustiniani
735 471 768 548 (i.
792 497 819 536 e.
845 495 926 535 anno
952 494 1011 554 532
1034 499 1064 555 p.
1088 477 1158 542 Chr.
1180 473 1225 560 n.)
1249 483 1380 560 Zeuxip·

279 595 353 652 pum
382 595 444 634 una
477 595 546 634 cum
569 579 677 635 statuis
703 578 733 635 in
761 596 799 634 eo
827 580 984 638 collocatis
1016 581 1159 640 incendio
1190 585 1378 660 deflagrasse

280 676 443 756 constat1).
478 679 517 736 ab
540 680 652 736 eodem
679 680 863 754 imperatore
885 667 1030 738 balneum
1052 683 1255 742 instauratum
1277 696 1377 744 estet

279 781 365 838 novis
388 788 498 856 postea
520 781 628 836 statuis
651 777 833 856 ornatum2).

382 895 407 973 ξ.
432 913 459 972 5.
491 896 580 954 Haec
596 899 637 954 de
653 897 826 974 Zeuxippo;
848 899 909 956 iam
924 901 965 957 ad
987 909 1105 959 statuas
1128 903 1211 978 ipsas
1228 906 1377 962 accedam

278 1009 309 1056 et
331 999 372 1057 ad
394 1000 497 1056 titulos
521 1016 634 1094 earum.
671 1017 769 1074 nuper
791 1001 821 1056 in
843 999 923 1057 hanc
944 1019 1008 1058 rem
1026 1000 1187 1061 Conradus
1211 1004 1317 1082 Lange
1333 1006 1376 1062 ita

278 1100 430 1176 inquisivit
440 1097 475 1177 ³),
499 1108 533 1156 ut
554 1101 595 1156 de
618 1117 736 1156 summa
759 1117 857 1156 rerum
881 1103 943 1158 viro
960 1104 1054 1160 docto
1078 1105 1237 1174 assentiar,
1261 1107 1301 1162 de
1317 1106 1377 1164 sin·

277 1202 354 1277 gulis
386 1200 570 1276 quibusdam
604 1201 692 1257 aliter
723 1202 864 1261 iudicem.
904 1187 965 1276 quo
1000 1203 1108 1261 clarius
1139 1215 1172 1262 et
1206 1223 1376 1264 consensus

277 1312 382 1360 noster
404 1311 434 1358 et
456 1303 615 1360 dissensus
634 1303 764 1370 eluceat,
788 1303 866 1358 viam
888 1303 926 1361 ab
943 1304 995 1360 illo
1015 1308 1236 1381 praescriptam
1251 1308 1374 1368 tenebo.

277 1407 406 1480 primum
434 1403 545 1480 Heynii
579 1404 763 1463 sententiam
796 1404 900 1462 titulos
928 1405 973 1462 his
1002 1407 1095 1482 signis
1130 1408 1296 1482 antiquitus
1320 1409 1375 1464 ad·

278 1507 406 1581 scriptos
444 1505 539 1562 fuisse
574 1505 791 1563 contendentis
802 1503 827 1580 ⁴)
866 1523 904 1563 eo
939 1508 1101 1583 restringit,
1136 1517 1170 1564 ut
1201 1508 1316 1578 titulos,
1350 1509 1376 1567 si

279 1607 442 1675 adfuerint,
469 1607 610 1680 antiquos
634 1605 726 1662 fuisse
742 1616 844 1681 neget.
871 1609 1045 1681 quodcum
1068 1610 1108 1665 de
1127 1616 1298 1667 statuarum
1318 1628 1376 1667 no·

277 1707 408 1766 minibus
430 1707 570 1782 mythicis
602 1707 717 1781 optimo
737 1707 801 1763 iure
836 1725 949 1783 negare
976 1709 1124 1778 videatur,
1158 1711 1271 1786 quippe
1295 1729 1374 1786 quae

277 1809 392 1866 artibus
415 1809 592 1866 florentibus
616 1809 709 1882 signis
732 1809 865 1866 adscribi
884 1810 976 1867 solita
997 1787 1061 1868 non
1084 1811 1153 1879 sint,
1187 1812 1288 1868 facere
1311 1829 1375 1869 non

276 1916 388 1984 potest,
412 1909 484 1982 quin
508 1909 548 1964 de
571 1908 680 1966 statuis
703 1909 827 1966 iconicis
850 1928 913 1966 non
934 1911 1017 1968 idem
1033 1913 1132 1970 valere
1157 1915 1375 1972 concedebat

277 2011 318 2066 de
340 2009 385 2067 his
407 2009 485 2067 infra
516 2010 603 2084 plura
624 2009 812 2084 proferemus
820 2025 827 2079 ;
864 2029 946 2068 nunc
974 2015 1185 2087 quaerendum
1207 2013 1296 2070 nobis
1315 2023 1373 2083 est,

277 2111 402 2168 nomina
423 2095 531 2168 statuis
558 2119 658 2168 utrum
676 2113 792 2168 recenti
819 2120 957 2186 tempore
985 2114 1059 2170 data
1082 2113 1140 2170 sint
1164 2132 1203 2171 an
1226 2114 1297 2171 olim
1319 2117 1374 2172 ad·

276 2213 440 2272 haeserint.
484 2212 591 2287 Lange
614 2213 773 2282 dubitavit,
799 2214 854 2270 sed
878 2231 906 2288 p.
935 2213 992 2270 116
1019 2232 1058 2270 eo
1081 2215 1226 2272 inclinare
1249 2223 1373 2272 senten·

275 2314 349 2370 tiam
376 2331 461 2370 suam
489 2315 565 2370 dixit
591 2321 625 2370 ut
648 2312 880 2370 Christodorum
912 2314 1013 2390 ipsum
1049 2317 1184 2372 omnium
1216 2317 1373 2372 nominum

275 2422 433 2472 auctorem
466 2408 692 2490 existimarem).
726 2423 757 2471 at
790 2415 881 2489 plane
912 2415 996 2472 aliud
1029 2433 1068 2472 ex
1093 2415 1232 2490 ecphrasi
1254 2417 1321 2490 ipsa
1341 2417 1373 2472 ni

275 2515 363 2572 fallor
385 2517 587 2572 demonstrari
607 2524 720 2590 potest,
743 2515 791 2572 hic
806 2515 897 2590 igitur
918 2517 1049 2573 breviter
1062 2518 1209 2574 insistam.
1243 2517 1371 2591 primum

274 2615 334 2673 huc
355 2616 454 2674 refero
477 2633 581 2673 versus
604 2630 763 2692 393—95:

376 2899 402 2969 1)
420 2903 534 2966 Procop.
553 2900 586 2949 de
603 2898 677 2949 bello
687 2901 761 2950 Pers.
778 2916 805 2965 p.
819 2910 877 2950 121.
895 2899 935 2950 Io.
945 2899 1012 2964 Lyd.
1031 2898 1051 2948 l.
1062 2898 1080 2950 1.
1099 2898 1212 2948 Cedren.
1230 2915 1257 2964 p.
1268 2899 1319 2962 647
1331 2913 1370 2964 sq.

273 2991 365 3042 Zonar.
386 3002 484 3056 p.272.

375 3077 402 3148 2)
420 3077 535 3144 Niceph.
555 3077 658 3128 Callist.
676 3077 728 3136 IX,
748 3087 772 3137 9.
803 3075 897 3126 Codin.
916 3091 943 3140 p.
964 3075 1005 3138 38.
1025 3077 1159 3142 Anonym.
1187 3075 1261 3127 brev.
1288 3091 1371 3128 enarr.

292 3206 299 3220 .
321 3181 331 3217 1
357 3180 378 3220 1.

272 3184 290 3233 p
336 3179 351 3230 9
372 3256 400 3324 3)
418 3255 524 3306 ‘Ueber
550 3255 593 3305 die
612 3251 955 3315 Statuenbeschreibungen
972 3252 1020 3302 des
1039 3252 1196 3302 Christodor
1214 3254 1269 3302 und
1287 3255 1370 3303 Pseu·

273 3344 446 3396 dolibanius'.
475 3345 544 3395 Mus.
563 3343 652 3393 Rhen.
672 3341 788 3392 XXXV
804 3357 830 3407 p.
846 3353 896 3390 110
907 3357 963 3406 sqq.

373 3433 400 3499 4)
421 3439 559 3482 comment.
580 3447 634 3482 soc.
653 3445 707 3493 reg.
727 3430 819 3480 scient.
839 3429 958 3492 Gotting.
977 3436 995 3479 t.
1008 3429 1052 3478 XI
1071 3426 1162 3494 (1790)
1180 3444 1224 3494 pp.
1236 3428 1332 3491 3-38.

374 3520 401 3588 5)
420 3522 519 3584 cogitat
536 3520 554 3571 l.
574 3519 593 3572 l.
613 3520 646 3569 de
661 3519 782 3581 catalogo
811 3517 901 3583 aliquo
921 3524 1064 3566 statuarum
1083 3533 1161 3582 quem
1180 3516 1369 3566 Christodorus

271 3609 362 3660 nescio
382 3625 415 3659 an
433 3610 492 3674 ipso
512 3607 657 3658 Anastasio
677 3607 784 3656 iubente
803 3607 916 3672 primum
935 3606 1115 3664 constituerit;
1135 3605 1253 3670 quamvis
1273 3603 1369 3666 frigide

271 3698 392 3760 singulae
412 3703 512 3745 statuae
534 3701 719 3745 enumerentur
734 3694 777 3742 vix
795 3693 951 3758 interposita
973 3689 1103 3757 particula
1120 3706 1172 3755 qua
1190 3696 1368 3752 transgressus

272 3787 305 3836 ab
323 3801 375 3835 una
391 3785 425 3834 ad
444 3785 552 3834 alteram
568 3790 717 3842 exornetur,
736 3789 824 3832 tamen
842 3787 869 3829 et
887 3781 1022 3846 ἔκφρασις
1034 3779 1207 3844 praescriptio
1222 3784 1247 3826 et
1264 3777 1368 3826 univer·

272 3889 316 3923 sus
335 3872 457 3922 carminis
475 3880 551 3922 tenor
568 3871 702 3937 prohibet,
729 3885 763 3920 ne
792 3870 826 3918 de
855 3869 977 3931 catalogo
1006 3868 1160 3930 cogitemus.
1186 3881 1272 3931 neque
1298 3865 1368 3913 enim

272 3960 411 4026 separatim
441 3969 466 4009 et
495 3966 568 4009 extra
596 3959 716 4009 ordinem
748 3958 865 4021 singulas
891 3956 1084 4021 descriptiones
1103 3955 1157 4018 legi
1176 3954 1262 4002 voluit
1279 3960 1368 4018 poeta,

272 4050 418 4098 sedunum
439 4054 465 4097 et
484 4057 538 4097 arte
559 4049 704 4099 cohaerens
730 4061 842 4096 carmen.
861 4045 933 4095 malo
957 4044 1078 4110 profecto
1098 4043 1211 4092 consilio
1231 4041 1319 4090 Aldus
1340 4041 1368 4090 in

271 4138 376 4202 singula
386 4139 573 4204 epigrammata
587 4135 726 4203 ecphrasin
736 4134 884 4200 discerpsit,
906 4133 978 4198 quod
997 4146 1043 4180 cur
1060 4131 1118 4180 fieri
1137 4131 1244 4182 omnino
1255 4135 1368 4195 nequeat

270 4227 377 4280 Brunclr
396 4226 486 4296 (Anal.
504 4227 555 4286 111,
571 4229 633 4294 227)
654 4224 785 4292 exposuit.
