3122 4904
817 269 849 318 28

287 463 385 525 guam
402 446 483 503 hanc
512 445 676 502 formarum
706 443 886 502 varietatem
917 444 1168 519 spondeorum
1198 460 1265 500 usu
1300 443 1383 517 apud

284 547 342 604 hos
364 554 475 621 poetas
505 562 699 620 summopere
727 545 867 602 restricto
900 543 979 602 effici
1010 561 1101 602 nemo
1134 562 1198 601 non
1227 543 1381 620 perspicit.

287 666 366 723 quae
382 665 430 704 res
447 648 529 704 unde
550 647 718 704 derivanda
733 647 772 703 sit
794 646 851 703 sub
873 646 973 704 iudice
990 646 1024 704 lis
1047 653 1108 703 est:
1131 663 1203 702 nam
1225 663 1295 703 cum
1305 645 1383 702 Her-

285 765 416 806 mannus
439 744 522 824 alii¹)
554 754 664 821 sponte
686 746 841 814 Nonnum,
874 755 908 803 ut
934 747 1074 804 incitaret
1099 763 1241 803 versuum
1264 763 1385 804 cursum

289 849 508 927 ,spondeorum
545 849 667 923 pondus
695 865 763 904 cum
795 848 983 922 dactylorum
1016 847 1215 905 volubilitate‘
1250 863 1385 905 commu·

286 958 369 1007 tasse
405 950 588 1018 existiment,
627 943 871 1025 Volkmannus²)
907 965 1042 1006 amorem
1080 948 1256 1006 trochaicae
1295 947 1384 1023 pedis

287 1051 367 1108 tertii
390 1067 537 1108 caesurae
560 1051 590 1106 in
613 1067 708 1107 causa
739 1050 832 1107 fuisse
858 1048 1036 1106 arbitratur:
1068 1049 1126 1106 hac
1156 1050 1237 1107 enim
1257 1066 1384 1106 caesura

288 1152 427 1210 adhibita
448 1153 520 1210 inde
541 1152 581 1209 ab
603 1151 740 1210 Homero
762 1151 793 1207 in
816 1150 956 1208 omnibus
980 1151 1112 1227 pedibus
1136 1151 1275 1224 dactylos
1291 1168 1384 1226 spon·

287 1254 355 1311 deis
373 1271 442 1311 esse
463 1253 628 1328 praelatos.

388 1353 482 1426 Quod
504 1362 573 1412 utut
595 1361 642 1410 est
657 1353 866 1428 spondeorum
881 1371 969 1410 usum
991 1355 1075 1428 apud
1091 1353 1235 1412 Nonnum
1257 1354 1385 1428 eiusque

288 1463 459 1514 sectatores
485 1456 580 1513 multo
613 1454 773 1512 artioribus
806 1453 916 1511 finibus
952 1472 1044 1529 quam
1078 1457 1162 1530 apud
1195 1454 1383 1529 antiquiores

287 1567 396 1634 poetas
420 1557 569 1615 contineri
591 1563 720 1631 apparet
729 1547 767 1633 Β);
802 1555 1038 1629 frequentissimi
1062 1557 1178 1612 adsunt
1199 1557 1229 1612 in
1251 1555 1382 1631 pedibus

288 1659 421 1734 paribus,
455 1659 555 1714 minus
588 1656 765 1731 frequentes
791 1656 822 1712 in
843 1658 925 1732 pede
954 1657 1051 1731 primo
1074 1665 1106 1714 et
1128 1658 1229 1724 tertio,
1262 1674 1386 1731 prorsus

289 1761 421 1817 vitantur
440 1760 471 1817 in
493 1760 575 1834 pede
598 1759 714 1833 quinto.
748 1775 785 1816 ac
805 1776 846 1815 ne
872 1758 904 1814 in
932 1759 1084 1816 continuis
1108 1757 1232 1832 quidem
1252 1757 1385 1834 pedibus

290 1860 422 1934 spondei
455 1859 666 1927 admittuntur,
700 1859 838 1915 secundo
871 1859 1024 1933 tertioque
1052 1859 1199 1934 exceptis,
1234 1859 1286 1916 ubi
1314 1877 1385 1916 cum

289 1969 414 2036 propter
434 1977 592 2018 caesuram
622 1961 710 2035 pedis
744 1959 823 2017 tertii
845 1960 922 2017 alter
944 1961 1102 2035 spondeus
1124 1961 1171 2016 vix
1192 1960 1383 2017 animadver-

289 2069 380 2130 tatur,
401 2061 485 2118 haud
507 2079 575 2118 raro
598 2061 823 2120 continuantur.

389 2162 460 2220 Duo
475 2171 593 2220 tantum
606 2161 796 2220 Christodori
809 2179 913 2218 versus
925 2161 1094 2219 hexametri
1109 2161 1221 2219 formas
1239 2180 1258 2218 a
1273 2160 1386 2220 Nonno

290 2265 406 2323 alienas
430 2264 584 2332 exhibent,
608 2281 646 2320 ex
669 2263 779 2337 quibus
801 2283 829 2322 v.
855 2277 911 2336 145

421 2361 528 2427 Αἰνεία
550 2361 671 2441 Τρώων
694 2361 894 2440 βουληφόρε·
918 2363 992 2438 σαῖς
1014 2360 1076 2439 γὰρ
1098 2360 1245 2438 ὀπωπαῖς

291 2485 359 2524 cum
387 2474 448 2524 tres
477 2470 635 2542 spondeos
665 2467 1004 2541 continuospraebeat‚
1038 2482 1101 2523 non
1125 2465 1269 2522 ferendus
1292 2473 1387 2535 esset,

290 2569 348 2626 nisi
375 2567 502 2627 Homeri
533 2569 703 2626 imitatione
736 2568 969 2625 defenderetur:
1006 2575 1152 2642 quattuor
1183 2567 1265 2624 enim
1298 2567 1389 2641 primi

289 2669 387 2744 pedes
420 2687 458 2726 ex
479 2669 574 2726 Iliade
598 2666 637 2744 (Ε
663 2667 729 2727 180.
755 2664 778 2728 Ν
800 2667 872 2741 463.
896 2664 918 2728 Ρ
939 2665 1016 2740 485)
1038 2667 1175 2726 translati
1197 2675 1277 2724 sunt.
1311 2668 1389 2725 alter

290 2787 394 2826 versus
413 2779 462 2828 est
483 2790 509 2828 v,
534 2784 571 2845 72

353 2867 473 2947 Φοῖβος
496 2872 523 2931 δ’
546 2866 684 2944 εἱστήκει
706 2866 955 2946 τριποδηλάλος·
979 2864 1019 2943 ἦν
1042 2863 1068 2929 δ’
1093 2863 1156 2944 ἄρα
1179 2835 1323 2944 χαίτηξ4)

292 2973 375 3030 cuius
399 2972 514 3030 formae
537 2965 685 3049 (ssddd)
708 2971 894 3046 paucissima
919 2970 1060 3046 exempla
1081 2987 1119 3026 ex
1148 2968 1251 3027 Nonni
1271 2969 1389 3028 codici-

290 3075 347 3130 bus
371 3074 554 3150 deprompta
577 3075 695 3131 dudum
707 3068 900 3144 Werniclre⁵)
923 3071 1098 3129 emendavit
1114 3088 1175 3128 uno
1191 3088 1280 3128 versu
1293 3069 1387 3130 Dion.

291 3174 373 3244 XIV,
402 3174 457 3250 187
482 3183 613 3250 excepto

292 3325 491 3334 ——-—·———-

393 3409 419 3477 1)
438 3409 457 3462 l.
476 3409 494 3460 1.
513 3425 539 3474 p.
554 3408 614 3471 690.
634 3407 668 3461 cs.
687 3407 765 3458 etiam
775 3404 914 3458 Ludwich.
932 3404 950 3456 1.
970 3404 988 3456 1.
1008 3421 1034 3470 p.
1048 3415 1090 3468 47.
1110 3403 1197 3454 annal.
1217 3403 1313 3470 philol.
1333 3406 1388 3458 vol.

291 3497 365 3548 CIX.
384 3514 410 3564 p.
425 3498 484 3561 236.

392 3583 419 3652 2)
437 3586 456 3635 l.
475 3585 494 3636 l.
512 3602 538 3651 p.
554 3585 595 3636 16.

392 3672 419 3738 3)
439 3673 552 3722 fortasse
571 3673 644 3722 iuvat
665 3672 710 3722 hic
732 3673 859 3722 adnotare
873 3689 904 3722 ex
914 3673 1025 3722 Homeri
1043 3671 1152 3721 licentia
1165 3685 1285 3720 severum
1295 3669 1390 3720 Nonni

290 3777 367 3810 usum
385 3777 439 3811 uon
458 3761 583 3810 continuo
604 3766 690 3810 ortum
708 3774 775 3811 esse.
794 3758 868 3808 velut
886 3759 939 3809 iam
951 3758 1139 3817 Callimachus,
1159 3773 1218 3807 cum
1238 3773 1269 3806 ex
1289 3769 1321 3820 32
1341 3757 1392 3808 ho·
1449 3808 1452 3816 ,

290 3849 382 3899 merici
399 3849 544 3899 hexametri
563 3849 655 3898 formis
678 3858 709 3912 15
733 3854 834 3897 tantum
860 3848 1009 3898 admitteret
1027 3847 1178 3914 (Benecket
1203 3846 1237 3896 de
1256 3852 1311 3896 arte
1329 3861 1388 3896 me-

291 3937 355 3987 trica
373 3936 477 3987 Callim.
497 3953 523 4002 p.
535 3938 579 4002 22)
598 3936 754 4001 dactylicam
774 3951 866 3988 versus
886 3942 1041 3986 structuram
1060 3935 1138 3985 valde
1157 3934 1293 3984 adamasse
1312 3931 1387 3983 vide·

291 4032 341 4075 tur.
359 4026 393 4074 de
411 4025 542 4075 bucolicis
561 4026 735 4078 inferioribus
755 4027 787 4078 cl.
807 4027 955 4077 Buecheler
973 4028 1043 4078 Mus.
1063 4026 1119 4079 Rh.
1137 4025 1227 4076 XXX
1246 4040 1272 4091 p.
1286 4036 1328 4086 34.

391 4112 418 4181 4)
436 4130 452 4164 ν
472 4129 488 4163 a
506 4121 654 4164 correctore
674 4115 880 4182 superscriptum
899 4122 947 4167 est.

392 4201 418 4270 5)
439 4202 458 4255 1·
477 4201 496 4252 1·
514 4219 541 4270 r·
563 4214 606 4267 39·
626 4215 677 4268 312
697 4219 755 4271 squ·
