3122 4904
799 300 857 400 [tt

390 459 461 525 Non
481 463 582 524 minus
605 473 697 542 aegre
717 472 834 543 poetae
855 472 909 526 eos
921 467 1033 527 'hiatus
1066 464 1217 539 ferebant,
1236 467 1304 547 =qui
1325 485 1391 531 cor·

290 579 376 645 repta
400 571 432 627 in
451 569 530 627 thesi
552 569 651 627 vocali
685 569 777 645 longa
795 575 854 628 ‘aut
876 566 1068 646 diphthongo
1091 580 1164 629 ante
1185 573 1325 632 vocalem
1346 574 1391 632 el·

290 671 440 730 ficiuntur.
481 669 699 729 Christodonrs
733 679 877 730 accurate
902 670 1047 730 Nonnum
1069 661 1195 731 secutus
1226 674 1258 733 in
1288 675 1391 734 ultima

290 772 375 830 brevi
399 773 514 848 dactyli
536 772 681 847 corripuit
700 773 837 830 vocalem
858 773 982 850 longam
1004 782 1076 832 ante
1094 774 1237 833 'vocalem

415 874 446 930 in
468 874 551 948 pede
615 873 639 933 Ι.
724 873 761 934 ll.
849 873 900 933 111.
988 873 1043 935 IV.
1129 874 1166 935 V.
1218 906 1224 916 ·

478 975 510 1032 in
617 988 633 1030 2
721 1001 761 1016 -
860 973 880 1032 6
959 1035 964 1045 ,
1008 990 1024 1050 7
1134 989 1151 1051 5
1196 975 1343 1034 versibus.

290 1092 345 1132 sex
367 1076 398 1131 in
427 1076 511 1150 pede
544 1075 635 1132 tertio
667 1076 809 1150 exempla
838 1092 908 1133 cum
943 1076 1009 1134 sola
1031 1075 1134 1134 Nonni
1157 1077 1240 1148 usui,
1271 1077 1391 1153 qualem

290 1173 420 1250 Lehrs¹l
445 1175 616 1250 descripsit,
649 1176 772 1234 obstare
802 1177 965 1234 videantur
996 1193 1035 1234 eo
1066 1177 1141 1234 satis
1172 1176 1391 1246 defenduntur,

290 1278 376 1352 quod
396 1272 449 1337 καί
470 1277 578 1334 vocula
598 1277 639 1333 ibi
660 1278 784 1351 legitur;
808 1295 846 1335 ea
868 1278 959 1346 enim,
982 1278 1062 1336 sicut
1082 1273 1150 1352 ilet
1165 1275 1217 1354 μή,
1239 1296 1258 1335 a
1278 1277 1390 1336 Nonno

289 1396 415 1454 quoqne
436 1378 550 1454 ubique
583 1379 692 1454 corripi
716 1379 804 1438 solet.
841 1396 936 1436 unum
958 1378 1008 1437 hic
1029 1381 1255 1438 animadvertas
1276 1380 1390 1455 pedem

290 1482 460 1537 secundum
482 1490 516 1536 ut
539 1480 603 1536 aliis
626 1480 767 1549 licentiis,
791 1481 835 1537 sic
856 1481 950 1538 etiam
971 1479 1030 1539 hac
1052 1481 1143 1556 plane
1165 1495 1290 1538 vacare:
1326 1480 1387 1539 iam

291 1581 489 1638 Alexandrini
511 1580 639 1638 alteram
660 1596 764 1637 versus
787 1581 895 1638 sedem
916 1597 955 1638 ea
976 1581 1061 1640 vocis
1083 1581 1272 1650 remissione,
1297 1597 1388 1656 quam

291 1681 406 1740 vocalis
432 1681 525 1757 longa
558 1689 630 1738 ante
657 1681 797 1740 vocalem
829 1690 883 1739 aut
917 1690 1059 1757 correpta
1091 1690 1229 1740 autnon
1251 1689 1392 1756 correpta

295 1781 398 1852 elficit,
424 1797 515 1864 quam
536 1783 670 1840 maxime
695 1782 822 1839 liberam
843 1799 915 1840 esse
937 1779 1140 1858 volueruntt),
1172 1782 1233 1840 hoc
1252 1782 1287 1839 ni
1306 1781 1394 1839 fallor

292 1883 431 1954 consilio,
465 1899 504 1940 ne
526 1899 631 1940 versus
653 1883 684 1940 in
710 1883 787 1940 sede
809 1883 1027 1942 delicatissima
1059 1899 1219 1940 caesuram
1248 1899 1393 1942 necessa·

290 1984 366 2041 riam
386 1985 594 2044 antecedente
616 1983 677 2041 ulla
698 2001 784 2041 mora
804 1985 986 2044 tardaretur.

391 2085 500 2148 Rarius
523 2086 617 2142 etiam
639 2086 670 2141 in
688 2086 785 2160 prima
806 2085 891 2143 brevi
910 2085 1024 2160 dactyli
1045 2084 1157 2159 longae
1179 2084 1295 2142 vocalis
1317 2091 1390 2142 ante

293 2187 432 2244 vocalem
455 2187 680 2261 correptionem
703 2185 859 2244 Nonniani
892 2195 1076 2262 usurparunt
1105 2203 1236 2260 eamque
1258 2185 1307 2243 vir
1330 2183 1392 2241 alio

292 2289 385 2363 pede,
408 2305 501 2363 quam
522 2283 663 2368 primoif).
698 2288 742 2345 ita
765 2286 983 2346 Christodorus
1013 2287 1115 2344 sexies
1137 2288 1167 2344 in
1189 2287 1273 2362 pede
1294 2286 1391 2361 primo

289 2383 348 2466 (vv.
372 2403 422 2461 33.
446 2404 496 2460 44.
525 2386 592 2447 rr8.
618 2402 686 2462 130.
713 2387 779 2462 198.
805 2386 889 2462 258),
922 2389 954 2445 in
974 2388 1057 2464 pede
1080 2387 1186 2462 quinto
1219 2403 1306 2444 versu
1330 2401 1386 2459 231

290 2485 341 2548 καὶ
364 2483 478 2564 ἀεῖσαι,
503 2490 611 2546 culex
634 2485 696 2558 καί,
722 2499 756 2547 et
778 2505 867 2546 versu
894 2504 949 2564 197
973 2485 1021 2563 τίς
1045 2505 1095 2550 τοι
1117 2483 1249 2562 ἀνάγκη,
1282 2487 1391 2545 culex

291 2591 418 2648 formula
440 2591 595 2660 homerica
604 2586 627 2668 ⁴)
650 2591 810 2648 excusatio
836 2599 943 2665 parata
966 2598 1025 2650 est.
1057 2607 1183 2648 causam
1204 2588 1294 2646 huius
1316 2604 1391 2646 con·

290 2693 461 2754 suetudinis
484 2693 510 2749 si
528 2693 711 2767 quaerimus,
734 2693 863 2767 primum
878 2699 1005 2767 quartus
1026 2708 1083 2767 pes
1099 2708 1163 2748 non
1185 2689 1283 2763 magis
1299 2705 1392 2764 quam

290 2802 395 2851 sextus
423 2793 476 2852 tali
501 2793 686 2868 correptioni
714 2793 823 2867 patuit.
860 2809 920 2850 uec
951 2801 1024 2867 post
1053 2793 1178 2849 tertium
1211 2789 1390 2847 trochaeum

289 2902 414 2969 propter
429 2908 589 2951 caesuram
604 2892 771 2967 legitimam
785 2893 900 2951 vocalis
922 2893 1015 2967 longa
1037 2900 1110 2950 ante
1124 2891 1264 2950 vocalem
1282 2890 1392 2966 corripi

289 3001 420 3069 poterat.
456 3000 574 3052 restant
606 2994 703 3068 pedes
731 2994 855 3067 primus,
890 2994 1057 3062 secundus,
1091 2993 1226 3068 quintus,
1261 3011 1391 3070 quorum

290 3095 461 3158 secundum
494 3094 772 3152 fastidiosissimum
796 3110 888 3169 supra
918 3095 995 3165 dixi;
1024 3095 1057 3151 in
1077 3095 1175 3170 primo
1195 3111 1269 3153 vero
1294 3095 1391 3153 multo

290 3197 412 3270 saepius
435 3213 526 3270 quam
547 3195 579 3252 in
602 3195 709 3270 quinto
743 3195 824 3252 illam
856 3195 1081 3270 correptionem
1110 3195 1212 3254 locum
1245 3195 1390 3254 habuisse

289 3297 318 3355 ei
336 3315 401 3356 non
422 3297 530 3354 mirum
546 3296 612 3365 erit,
635 3296 687 3371 qui
702 3297 833 3370 primum
854 3295 1024 3353 hexametri
1037 3297 1161 3375 pedem,
1185 3313 1255 3354 cum
1271 3313 1390 3354 summo

289 3399 373 3456 vocis
388 3398 505 3474 impetu
519 3397 777 3472 pronuntiaretur,
799 3396 936 3472 plurimis
951 3413 1072 3472 semper
1092 3395 1223 3456 licentiis
1238 3397 1390 3472 insignem

289 3497 384 3556 fuisse
403 3493 615 3576 meminerat).

392 3685 418 3754 1)
436 3686 456 3739 l.
475 3685 495 3736 l.
513 3703 539 3752 p.
554 3686 615 3751 267.

390 3774 417 3842 2)
435 3775 468 3827 ci.
488 3774 641 3825 Volkmann
657 3789 684 3840 p.
702 3785 745 3838 37.
767 3774 810 3838 38.

391 3863 418 3929 3)
436 3863 595 3930 paucissima
614 3862 743 3927 exempla,
762 3861 859 3928 quibus
882 3863 953 3929 pede
974 3861 1066 3929 quinto
1083 3863 1198 3914 Nonnus
1217 3863 1266 3914 hac
1285 3877 1393 3931 correp·

289 3952 363 4002 tione
381 3967 446 4002 usus
464 3951 659 4013 est,¹Lehrsins
677 3950 698 4002 l.
716 3950 735 4000 l.
753 3967 780 4017 p.
794 3963 846 4016 273
866 3951 1025 4018 composuit.

389 4041 596 4108 ouem·

391 4131 418 4200 5)
438 4131 471 4182 ci.
490 4131 616 4194 Hilbergi
636 4129 712 4194 leges
730 4130 821 4180 1-1v
839 4129 868 4180 in
886 4129 957 4180 libro
976 4129 1022 4195 qui
1048 4127 1118 4178 ‘Das
1136 4127 1246 4193 Princip
1265 4127 1314 4178 der
1333 4126 1393 4194 Syl·

290 4218 468 4284 beowignng'
486 4218 647 4270 inscribitur.

1531 467 1545 564 l
