3122 4904
722 268 760 328 '37

194 437 360 497 cessariam
391 437 472 496 hanc
505 439 741 514 productionem
776 439 931 496 exclusam
965 438 1058 496 luisse
1073 435 1112 514 ¹);
1148 457 1206 516 nec
1237 457 1293 515 pes

193 548 310 610 sextus,
334 558 403 598 cum
425 540 502 598 binis
524 541 739 616 monosyllabis
756 540 899 598 constitui
921 558 984 597 non
1007 535 1165 620 soleret²)‚
1189 541 1219 599 ei
1239 560 1294 616 pa-

193 640 289 698 tebat.
322 648 354 698 at
375 640 472 715 quinti
493 642 582 716 pedis
605 642 680 700 arsis
704 659 757 700 cur
778 659 842 698 non
864 642 1022 699 admiserit
1043 643 1087 700 sic
1108 643 1293 717 productum

192 741 446 816 monosyllabum,
468 759 532 799 non
554 733 743 826 perspicias
761 743 865 818 itaque
890 737 1007 818 ὁπρίν,
1033 744 1118 818 quod
1140 743 1186 801 bis
1209 745 1294 819 apud

193 841 426 900 Christodorum
448 838 506 917 (vv.
533 859 581 916 24.
605 836 669 920 97.)
694 843 775 902 arsin
798 843 935 920 quintam
957 852 1100 919 occupat,
1124 847 1294 902 tenendum

194 959 263 1000 esse
286 941 438 1000 existumo
448 934 481 1019 8).
516 943 591 1017 quid
626 944 712 1018 quod
735 943 924 1002 Scheindleri
951 944 1000 1000 lex
1028 944 1075 1000 vix
1107 952 1178 1020 apte
1200 945 1292 1003 rebus

194 1045 385 1118 respondere
408 1039 546 1102 videtur?
580 1062 652 1101 nam
675 1046 760 1120 apud
780 1044 925 1104 Nonnum
947 1042 1054 1120 (Dion.
1079 1045 1221 1114 XXXIV,
1238 1041 1293 1119 56)

143 1203 144 1207 ,
193 1141 231 1204 τὸ
254 1140 329 1220 πρίν
350 1143 410 1202 hoc
432 1145 499 1219 ipso
521 1162 627 1202 versus
650 1146 720 1203 loco
746 1147 887 1214 occurrit,
921 1141 1035 1222 ὁπρίν
1058 1148 1143 1223 apud
1165 1146 1293 1204 Paulum

193 1246 398 1304 silentiarium
420 1241 538 1321 (ecphr.
561 1245 595 1305 B.
619 1242 694 1322 529)
715 1247 838 1305 ibidem.

341 1351 374 1432 b)
398 1374 479 1432 quae
500 1355 533 1414 in
554 1373 586 1417 αι
609 1367 639 1417 et
662 1374 693 1420 οι
716 1365 839 1428 exeunt,

194 1457 276 1516 arsin
299 1457 423 1533 explent
444 1458 533 1532 pedis
651 1459 674 1520 Ι.
751 1458 795 1540 ΙΠ.
868 1457 921 1518 111.
991 1457 1044 1519 IV.
1118 1457 1156 1518 V.
1191 1481 1199 1502 κ
1228 1458 1280 1519 VI.

194 1560 278 1634 apud
301 1557 535 1617 Christodorum
556 1559 587 1616 in
649 1576 684 1635 ¹9
772 1575 787 1615 2
876 1589 912 1600 --
1001 1592 1040 1600 —
1130 1577 1141 1616 r
1232 1589 1270 1601 -

193 1661 276 1735 apud
298 1659 443 1718 Nonnum
464 1661 495 1718 in
645 1675 680 1733 51
709 1677 710 1680 ’
771 1675 787 1735 7
875 1692 915 1702 -
1014 1678 1025 1718 r
1128 1678 1143 1718 2
1231 1692 1272 1706 -

194 1760 340 1818 versibus.
374 1761 489 1836 ubique
517 1761 581 1819 iere
605 1758 657 1822 καί
692 1762 735 1819 sic
758 1770 931 1837 usurpatur,
962 1771 1123 1836 praeterea
1146 1763 1241 1821 semel
1262 1762 1293 1820 in

194 1863 277 1937 pede
299 1863 396 1938 primo
415 1859 468 1924 ναί
489 1857 529 1938 (ν.
554 1857 638 1941 206),
662 1864 761 1922 sexies
784 1864 816 1920 in
838 1864 897 1921 arsi
920 1863 1059 1921 secunda
1082 1881 1142 1939 μοι,

195 2008 201 2012 ι
344 1965 376 2050 ο)
399 1989 478 2053 quae
501 1989 538 2028 ex
561 1972 663 2029 brevi
685 1971 827 2048 syllaba
848 1972 1076 2030 consonanti
1099 1973 1294 2030 terminata

195 2079 341 2130 constant
361 2072 393 2128 in
415 2072 476 2129 arsi
497 2073 587 2148 pedis
654 2072 678 2133 1.
762 2073 800 2132 11.
885 2073 938 2132 111.
995 2073 1048 2134 IV.
1106 2072 1144 2132 V.
1219 2072 1272 2133 Vl.

193 2174 279 2248 apud
300 2171 532 2231 Christodorum
555 2175 586 2232 in
653 2191 672 2247 4
762 2191 798 2247 14
884 2207 924 2218 -
1010 2189 1027 2232 2
1113 2171 1134 2230 6
1223 2167 1271 2251 1⁴)

193 2275 278 2349 apud
299 2272 444 2331 Nonnum
466 2275 497 2331 in
654 2292 673 2349 4
768 2294 789 2349 4
885 2309 923 2319 -
1011 2292 1028 2335 2
1120 2291 1131 2332 1
1221 2305 1260 2315 -

193 2375 330 2434 versibus
352 2376 504 2451 leguntur.

343 2489 378 2567 dl
409 2495 544 2569 denique
566 2495 766 2570 comparandi
782 2512 875 2553 causa
897 2503 930 2552 et
950 2493 999 2552 hic
1021 2501 1052 2551 et
1075 2493 1223 2569 deinceps
1238 2494 1294 2550 ad·

194 2595 312 2652 notabo
335 2594 469 2671 syllabae
493 2595 600 2654 finales
633 2605 768 2654 natura
800 2599 935 2671 longae
958 2596 1115 2672 quomodo
1137 2593 1294 2653 adhibitae

192 2697 263 2756 sint.
299 2697 509 2773 monosyllaba
530 2697 654 2773 quidem
676 2699 767 2773 longa

193 2798 276 2856 arsin
297 2798 386 2874 pedis
480 2807 483 2813 ⁴
659 2800 682 2856 Ι.
768 2799 805 2858 lI.
882 2799 934 2860 III.
983 2797 1037 2855 IV.
1107 2796 1144 2857 V.
1223 2795 1275 2854 VI.

193 2895 279 2974 apud
301 2897 535 2957 Christodorum
556 2899 587 2956 in
651 2914 693 2972 40
779 2915 795 2974 7
887 2897 934 2975 ιθ)
1001 2914 1018 2972 3
1107 2914 1146 2972 43
1232 2927 1273 2937 -

192 3001 278 3074 apud
301 2999 445 3057 Nonnum
465 3001 497 3058 in
656 3016 695 3075 53
781 3019 800 3074 4
885 3033 926 3042 -
1002 3016 1018 3056 2
1110 3015 1143 3055 12
1232 3029 1272 3038 -

190 3101 329 3158 versibus
362 3110 526 3177 occupant.
565 3103 790 3159 animadvertas
827 3119 944 3177 quaeso
979 3119 1019 3158 ne
1054 3100 1132 3158 haec
1168 3099 1293 3174 quidem

189 3201 403 3277 monosyllaba
433 3202 464 3258 in
490 3203 608 3260 arsibus
633 3203 686 3260 lll.
710 3210 741 3260 et
765 3201 817 3263 VI.
842 3204 976 3261 admissa
999 3219 1086 3261 esse:
1120 3218 1224 3258 nonne
1246 3199 1294 3256 vel

294 3485 319 3552 1)
338 3487 371 3537 cl.
389 3494 526 3552 praeterea
545 3501 625 3551 supra
642 3502 668 3551 p.
682 3498 724 3548 29.
1144 3543 1148 3552 .

293 3573 320 3642 2)
340 3574 373 3625 cf.
403 3590 482 3640 supra
509 3591 535 3640 p.
555 3586 598 3639 27.
626 3580 771 3640 praeterea,
799 3590 867 3641 quae
895 3574 1024 3623 Ludwich
1052 3574 1079 3623 in
1107 3574 1177 3624 Mus.
1202 3571 1294 3623 Rhen.

189 3671 210 3713 t.
229 3663 355 3722 XXXV,
377 3674 425 3728 505
454 3663 482 3712 in
510 3663 661 3712 universum
697 3663 729 3712 de
766 3662 1014 3728 monosyllaborum
1040 3662 1111 3727 apud
1134 3660 1293 3710 Nonnianos

190 3767 244 3801 usu
263 3750 388 3818 disputat.
1076 3737 1079 3743 ¹

294 3839 322 3906 3)
341 3841 369 3889 in
388 3840 481 3890 eadem
491 3829 551 3889 'arsi
572 3840 663 3905 quinta
681 3841 752 3906 apud
770 3841 974 3890 Christodorum
993 3840 1105 3903 legimus
1125 3855 1149 3889 v.
1172 3849 1218 3903 151
1241 3853 1292 3890 πο-

190 3927 305 3993 δηνεκὲἰΙ
319 3928 389 3994 χρόα
409 3933 435 3977 et
453 3945 477 3978 v.
490 3940 542 3991 230
561 3928 649 3994 ἔρυμα
662 3929 764 3992 χθονός
782 3927 827 3995 (ci.
838 3929 949 3980 Homeri
969 3928 1057 3994 ἔρυμα
1076 3926 1160 3993 χροός
1178 3925 1204 3978 Δ
1220 3924 1291 3992 137.)

292 4016 320 4083 4)
339 4017 373 4067 de
390 4017 442 4068 lroc
462 4035 486 4069 v.
507 4031 567 4078 220,
587 4019 633 4085 qui
652 4020 744 4068 Nonni
763 4019 824 4068 usui
839 4019 931 4071 obstat
949 4019 1018 4068 infra
1037 4016 1073 4084 (p.
1083 4016 1130 4085 49)
1150 4033 1234 4081 agam.

292 4103 318 4174 5)
337 4123 360 4158 v.
381 4119 442 4166 201,
461 4107 508 4155 ubi
527 4108 600 4174 quod
629 4114 669 4158 est
688 4106 722 4173 δή
743 4120 775 4160 σε
802 4123 857 4157 non
875 4113 997 4157 constare
1016 4106 1219 4174 monosyllabis,
1240 4106 1288 4156 sed

189 4193 356 4260 bisyllabum
374 4194 482 4246 dixeris.
