3122 4904
807 297 839 352 52

376 459 499 519 Deinde
521 479 600 536 quae
626 461 683 536 ipsi
715 461 863 536 propria
891 479 961 519 esse
982 461 1143 519 videantur
1168 479 1317 538 quaeram
1342 468 1377 518 et

278 562 362 619 locos
384 581 448 620 non
470 571 553 620 recte
576 563 759 621 constitutos
782 554 966 622 retractabo.

376 659 400 738 ξ.
428 681 451 724 1.
485 664 640 737 Quoniam
667 665 750 739 apud
784 681 891 722 omnes
926 664 1031 739 epicos
1055 663 1193 721 Graecos
1216 663 1376 721 Homeri

277 765 451 847 exemplum
481 766 642 840 plurimum
672 765 774 834 valuit,
804 766 898 822 etiam
921 763 1140 822 Christodorus
1163 783 1201 821 ex
1223 764 1375 822 uberrimo

277 866 327 923 illo
363 867 551 941 perennique
586 866 671 923 fonte
698 866 793 924 multa
827 849 937 924 hausit.
971 885 1010 923 ex
1042 873 1088 923 tot
1120 868 1228 924 statuis
1261 866 1377 923 nullam

276 967 411 1042 pluribus
444 968 541 1024 verbis
575 968 701 1036 ornavit,
735 985 827 1043 quam
849 967 985 1035 Homeri,
1020 966 1100 1025 hanc
1134 957 1237 1025 unam
1256 968 1299 1024 sic
1321 969 1377 1024 de·

276 1068 404 1143 scripsit,
439 1077 472 1125 ut
497 1086 597 1143 paene
629 1069 800 1126 absolutam
833 1068 993 1124 notionem
1027 1068 1115 1125 nobis
1148 1069 1309 1143 impertiat.
1345 1069 1376 1125 in

277 1169 485 1244 descriptione
507 1170 573 1244 ipsa
596 1178 668 1226 sunt
695 1187 775 1244 quae
808 1186 957 1226 summam
979 1168 1107 1226 Homeri
1140 1170 1375 1227 admirationem

277 1277 442 1328 testentur:
473 1270 617 1346 imprimis
649 1289 693 1328 vv.
718 1285 779 1344 320
792 1287 836 1346 sq.

376 1367 544 1446 Σύννομος
566 1367 743 1432 Ἀπόλλωνι
765 1368 869 1446 πατὴρ
892 1367 970 1446 ἐμὸς
991 1365 1121 1445 ἰσόθεος
1144 1369 1217 1448 φὼς

374 1469 488 1534 ἵστατο
511 1473 597 1548 θεῖος
621 1467 765 1548 Ὅμηρος
776 1519 783 1533 .
796 1519 803 1533 .
818 1519 845 1534 ..
1253 1529 1254 1532 ,

279 1574 546 1644 necessitudinem,
560 1592 652 1649 quam
667 1575 746 1631 inter
757 1575 927 1632 Homerum
950 1581 981 1631 et
997 1591 1030 1630 se
1044 1574 1143 1648 ipsum
1159 1572 1376 1632 Christodorus

279 1676 428 1744 statuerit,
443 1675 608 1732 clarissime
621 1677 848 1746 demonstrant;
865 1676 1029 1734 scholiasta
1041 1694 1109 1734 cum
1124 1677 1279 1734 insolitum
1295 1684 1377 1732 cete·

265 1769 364 1850 ¹roqui
387 1776 542 1851 ecphrasis
559 1778 692 1834 auctoris
716 1777 865 1834 fervorem
886 1778 1162 1846 animadvertisset,
1186 1777 1322 1852 quamvis
1345 1777 1377 1834 in

278 1879 386 1934 ceteris
409 1879 601 1952 parcissimus
626 1879 795 1946 verborum,
822 1879 991 1953 loquaciter
1013 1880 1054 1936 ad
1076 1879 1158 1936 hunc
1181 1896 1300 1936 versum
1321 1879 1378 1935 ad·

277 1979 407 2037 notavit:
435 1973 589 2054 ἠράσθης,
624 1973 650 2038 ὠ
684 1976 789 2054 φίλος,
822 1979 881 2040 τοῦ
914 1975 1055 2054 κάλλους
1088 1976 1139 2040 καὶ
1172 1979 1237 2041 τῶν
1269 1975 1377 2051 λόγων

276 2071 426 2152 Ὁμήρου,
449 2075 500 2137 καὶ
522 2078 640 2139 τοῦτον
655 2075 778 2154 πατέρα
794 2073 953 2153 ἐκάλεσας
975 2076 1028 2140 διὰ
1042 2076 1101 2153 τὴν
1120 2077 1183 2152 σὴν
1200 2075 1377 2155 εὐμουσίαν

278 2175 330 2237 καὶ
356 2174 409 2238 ναὶ
436 2175 478 2252 μὰ
511 2176 589 2252 τοὺς
622 2175 742 2253 λόγους
765 2175 803 2240 οὐ
825 2177 947 2255 μακρὰν
971 2174 1000 2240 el
1019 2179 1076 2255 τῆς
1110 2176 1235 2241 ἐκείνου
1268 2179 1376 2254 ψυχῆς

278 2275 329 2338 καὶ
351 2279 416 2339 τῶν
450 2275 573 2340 ἐκείνου
596 2277 743 2355 χαρίτων.
779 2289 873 2355 atque
896 2282 988 2338 etiam
1011 2280 1139 2339 heroum
1162 2290 1282 2339 statuae
1301 2283 1376 2339 satis

277 2381 390 2436 multae
406 2378 638 2438 Christodorum
654 2383 695 2439 ad
711 2383 845 2438 eundem
858 2381 1028 2440 Homerum
1043 2383 1240 2452 revocabant,
1263 2380 1376 2458 quippe

279 2482 330 2555 qui
353 2483 393 2537 de
416 2480 461 2538 his
483 2483 599 2556 optima
621 2500 658 2540 ac
678 2484 839 2540 notissima
862 2484 1032 2543 cecinisset.

376 2582 441 2640 Iam
463 2600 553 2658 supra
571 2585 693 2658 saepius
725 2585 866 2642 metricas
890 2584 1080 2643 Christodori
1113 2584 1251 2643 licentias
1275 2585 1377 2643 simili·

278 2683 336 2739 bus
357 2681 484 2738 Homeri
505 2683 580 2740 locis
610 2684 753 2754 defendi;
789 2694 823 2742 ut
851 2687 1029 2760 gravissima
1061 2693 1208 2760 repetam,
1240 2686 1287 2743 bis
1310 2695 1377 2743 tota

278 2783 468 2840 hemistichia
491 2801 528 2840 ex
553 2783 690 2842 Homero
714 2787 851 2844 derivata
873 2795 957 2845 sunt:
987 2805 1015 2843 v.
1039 2785 1078 2845 86
1101 2781 1229 2862 Χρύσης
1252 2781 1278 2848 δ’
1304 2781 1375 2846 αὖθ’

277 2878 383 2958 ἱερεύς
406 2883 456 2955 (cf.
480 2881 515 2952 Α,
538 2881 610 2962 770)
644 2895 675 2943 et
707 2905 733 2947 v.
762 2902 816 2960 145
840 2883 946 2947 Αἰνεία
968 2882 1090 2962 Τρώων
1113 2885 1298 2964 βουλήφορε
1322 2884 1375 2958 (cf.

280 2983 314 3053 Ε,
334 2984 391 3042 180
415 2981 445 3054 Ρ,
466 2982 541 3060 485)
565 2987 675 3061 quibus
695 2988 819 3044 tertium
841 2989 926 3045 addo
949 2989 1034 3062 quod
1056 2988 1165 3063 legitur
1197 3007 1223 3049 v.
1247 3003 1285 3062 55
1320 2989 1376 3064 βα-

278 3085 375 3160 σιλῆα
400 3083 620 3162 πολυχρύσοιο
645 3084 798 3164 Μυκήνης
809 3089 980 3147 Homericis
1004 3086 1039 3158 Η,
1058 3088 1116 3147 τ80
1138 3084 1172 3158 ll,
1184 3088 1224 3162 46
1248 3091 1289 3146 ad
1311 3108 1378 3146 ver·

278 3187 350 3243 bum
372 3174 573 3262 respondens.
596 3188 674 3246 haec
696 3208 766 3247 cum
782 3190 853 3248 alibi
868 3209 930 3247 non
946 3190 1088 3266 legantur
1102 3209 1140 3248 ex
1155 3191 1222 3265 ipso
1239 3190 1376 3248 Homero

279 3296 401 3363 sumpta
422 3289 511 3348 scias.
544 3299 704 3364 praeterea
728 3291 806 3349 haec
835 3291 898 3349 fere
921 3309 1062 3350 versuum
1086 3292 1242 3350 clausulae
1270 3289 1377 3349 home·

278 3389 372 3446 ricam
393 3391 571 3447 memoriam
593 3391 742 3449 referunt:

362 3509 388 3550 v.
413 3506 473 3564 250
496 3491 586 3566 μῆτιν
608 3488 787 3568 ὑφαίνεινί)
810 3493 848 3552 cf.
873 3490 908 3562 Η,
926 3509 996 3568 324.
1020 3489 1038 3563 Ι,
1062 3488 1374 3567 93etc,-vv.176.

284 3591 340 3665 198
364 3586 486 3667 δάκρυα
509 3589 625 3670 λείβειν
647 3593 685 3653 cf.
702 3611 728 3662 ε,
752 3594 801 3667 84.
824 3613 855 3665 π,
881 3611 1041 3668 214.-v.
1056 3594 1095 3669 78
1118 3589 1233 3668 νώροψ
1256 3585 1376 3666 χαλκός

280 3692 317 3753 cf.
340 3690 373 3771 Β,
391 3691 460 3769 578.
485 3690 520 3759 Η,
538 3694 607 3754 206.
631 3696 818 3754 aliut-vv.
836 3711 884 3771 φο,
902 3711 968 3771 147.
995 3694 1053 3753 288
1077 3694 1180 3769 χρυσῆ
1203 3687 1374 3768 Ἀφροδίτη

382 3949 407 4017 1)
427 3951 540 4002 fortasse
554 3969 578 4002 v.
590 3961 650 4016 257,
670 3951 715 4001 ubi
736 3950 842 4000 codices
862 3948 1001 4016 ἐπίφρονα
1013 3947 1103 4015 μήδεα
1115 3947 1226 4016 φαίνειν
1239 3949 1377 4014 praebent,

279 4040 342 4089 item
361 4039 530 4090 scribendum
551 4047 591 4090 est
610 4042 693 4104 μῆτιν
711 4037 853 4104 ὑφαίνειν;
877 4055 935 4089 cum
954 4055 1041 4104 neque
1063 4036 1191 4104 ἐπίφρων
1210 4053 1295 4102 neque
1312 4035 1377 4102 φαί-

279 4143 338 4181 νειν
358 4144 415 4178 cum
435 4128 524 4194 μήδεα
547 4129 635 4179 iuncta
663 4128 728 4178 alibi
756 4129 885 4194 legantur,
915 4127 1043 4195 ἑπίφριυν
1069 4131 1149 4192 μῆτις
1177 4126 1212 4192 (τ,
1233 4125 1296 4192 326)
1323 4142 1380 4176 non

279 4217 365 4269 minus
383 4234 461 4283 quam
480 4219 562 4284 μῆτιν
581 4215 710 4284 ὑφαίνειν
730 4234 761 4268 ex
779 4219 898 4270 Homero
916 4225 979 4270 uota
997 4219 1065 4270 sunt.
