<?xml version="1.0" encoding="UTF-8"?>
<!DOCTYPE html PUBLIC "-//W3C//DTD XHTML 1.0 Transitional//EN"
    "http://www.w3.org/TR/xhtml1/DTD/xhtml1-transitional.dtd">
<html xmlns="http://www.w3.org/1999/xhtml" xml:lang="en" lang="en">
 <head>
  <title>
</title>
<meta http-equiv="Content-Type" content="text/html;charset=utf-8" />
  <meta name='ocr-system' content='tesseract 3.04.00' />
  <meta name='ocr-capabilities' content='ocr_page ocr_carea ocr_par ocr_line ocrx_word'/>
</head>
<body>
  <div class='ocr_page' id='page_1' title='image "./dechristodoropo00baumgoog_0014.png"; bbox 0 0 3122 4904; ppageno 0'>
   <div class='ocr_carea' id='block_1_1' title="bbox 714 255 743 296">
    <p class='ocr_par' dir='ltr' id='par_1_1' title="bbox 714 255 743 296">
     <span class='ocr_line' id='line_1_1' title="bbox 714 255 743 296; baseline 0.069 -2"><span class='ocrx_word' id='word_1_1' title='bbox 714 255 743 296; x_wconf 91' lang='lat'><strong>11</strong></span> 
     </span>
    </p>
   </div>
   <div class='ocr_carea' id='block_1_2' title="bbox 183 416 1286 2923">
    <p class='ocr_par' dir='ltr' id='par_1_2' title="bbox 183 416 1279 683">
     <span class='ocr_line' id='line_1_2' title="bbox 185 416 1278 495; baseline -0.005 -14"><span class='ocrx_word' id='word_1_2' title='bbox 185 423 299 481; x_wconf 91' lang='lat' dir='ltr'><strong>Severo</strong></span> <span class='ocrx_word' id='word_1_3' title='bbox 315 421 452 480; x_wconf 89' lang='lat' dir='ltr'><strong>derivata</strong></span> <span class='ocrx_word' id='word_1_4' title='bbox 468 421 652 495; x_wconf 89' lang='lat' dir='ltr'><strong>cognomina</strong></span> <span class='ocrx_word' id='word_1_5' title='bbox 671 438 828 495; x_wconf 88' lang='lat' dir='ltr'><strong>nunquam</strong></span> <span class='ocrx_word' id='word_1_6' title='bbox 849 419 881 477; x_wconf 91' lang='lat' dir='ltr'><strong>in</strong></span> <span class='ocrx_word' id='word_1_7' title='bbox 903 437 960 476; x_wconf 87' lang='lat' dir='ltr'><strong>usu</strong></span> <span class='ocrx_word' id='word_1_8' title='bbox 981 419 1075 478; x_wconf 88' lang='lat' dir='ltr'><strong>fuisse</strong></span> <span class='ocrx_word' id='word_1_9' title='bbox 1097 416 1278 495; x_wconf 88' lang='lat' dir='ltr'><strong>videntur¹),</strong></span> 
     </span>
     <span class='ocr_line' id='line_1_3' title="bbox 183 521 1279 598; baseline -0.001 -18"><span class='ocrx_word' id='word_1_10' title='bbox 183 526 275 582; x_wconf 88' lang='lat' dir='ltr'><strong>immo</strong></span> <span class='ocrx_word' id='word_1_11' title='bbox 307 523 389 580; x_wconf 87' lang='lat' dir='ltr'><strong>enim</strong></span> <span class='ocrx_word' id='word_1_12' title='bbox 418 521 615 598; x_wconf 83' lang='lat' dir='ltr'>pertinaciter</span> <span class='ocrx_word' id='word_1_13' title='bbox 642 521 789 597; x_wconf 84' lang='lat' dir='ltr'>Zeuxippi</span> <span class='ocrx_word' id='word_1_14' title='bbox 822 539 936 579; x_wconf 92' lang='lat' dir='ltr'><strong>nomen</strong></span> <span class='ocrx_word' id='word_1_15' title='bbox 967 522 1052 596; x_wconf 93' lang='lat' dir='ltr'><strong>quod</strong></span> <span class='ocrx_word' id='word_1_16' title='bbox 1082 529 1176 580; x_wconf 89' lang='lat' dir='ltr'><strong>antea</strong></span> <span class='ocrx_word' id='word_1_17' title='bbox 1209 521 1279 579; x_wconf 93' lang='lat' dir='ltr'><strong>loco</strong></span> 
     </span>
     <span class='ocr_line' id='line_1_4' title="bbox 185 623 702 683; baseline 0 -1"><span class='ocrx_word' id='word_1_18' title='bbox 185 625 226 683; x_wconf 92' lang='lat' dir='ltr'><strong>illi</strong></span> <span class='ocrx_word' id='word_1_19' title='bbox 247 624 377 682; x_wconf 91' lang='lat' dir='ltr'><strong>inditum</strong></span> <span class='ocrx_word' id='word_1_20' title='bbox 401 623 499 680; x_wconf 86' lang='lat' dir='ltr'><strong>fuerat</strong></span> <span class='ocrx_word' id='word_1_21' title='bbox 521 623 702 683; x_wconf 88' lang='lat' dir='ltr'><strong>retinebant.</strong></span> 
     </span>
    </p>

    <p class='ocr_par' dir='ltr' id='par_1_3' title="bbox 184 723 1284 1811">
     <span class='ocr_line' id='line_1_5' title="bbox 283 723 1281 800; baseline -0.003 -17"><span class='ocrx_word' id='word_1_22' title='bbox 283 726 311 783; x_wconf 84' lang='lat' dir='ltr'><strong>A</strong></span> <span class='ocrx_word' id='word_1_23' title='bbox 335 724 541 784; x_wconf 89' lang='lat' dir='ltr'><strong>Constantino</strong></span> <span class='ocrx_word' id='word_1_24' title='bbox 571 723 650 782; x_wconf 90' lang='lat' dir='ltr'><strong>sicut</strong></span> <span class='ocrx_word' id='word_1_25' title='bbox 673 732 771 782; x_wconf 93' lang='lat' dir='ltr'><strong>totum</strong></span> <span class='ocrx_word' id='word_1_26' title='bbox 792 723 971 800; x_wconf 86' lang='lat' dir='ltr'><strong>Byzantium</strong></span> <span class='ocrx_word' id='word_1_27' title='bbox 993 723 1184 798; x_wconf 88' lang='lat' dir='ltr'><strong>Zeuxippum</strong></span> <span class='ocrx_word' id='word_1_28' title='bbox 1205 739 1281 797; x_wconf 90' lang='lat' dir='ltr'><strong>quo·</strong></span> 
     </span>
     <span class='ocr_line' id='line_1_6' title="bbox 184 823 1281 902; baseline -0.001 -19"><span class='ocrx_word' id='word_1_29' title='bbox 184 845 244 902; x_wconf 94' lang='lat' dir='ltr'><strong>que</strong></span> <span class='ocrx_word' id='word_1_30' title='bbox 275 835 401 885; x_wconf 91' lang='lat' dir='ltr'><strong>auctum</strong></span> <span class='ocrx_word' id='word_1_31' title='bbox 433 833 464 883; x_wconf 92' lang='lat' dir='ltr'><strong>et</strong></span> <span class='ocrx_word' id='word_1_32' title='bbox 495 833 677 883; x_wconf 88' lang='lat' dir='ltr'><strong>exornatum</strong></span> <span class='ocrx_word' id='word_1_33' title='bbox 709 841 779 882; x_wconf 89' lang='lat' dir='ltr'><strong>esse</strong></span> <span class='ocrx_word' id='word_1_34' title='bbox 810 842 905 882; x_wconf 89' lang='lat' dir='ltr'><strong>unum</strong></span> <span class='ocrx_word' id='word_1_35' title='bbox 939 823 1106 882; x_wconf 87' lang='lat' dir='ltr'><strong>chronicon</strong></span> <span class='ocrx_word' id='word_1_36' title='bbox 1136 824 1281 899; x_wconf 91' lang='lat' dir='ltr'><strong>paschale</strong></span> 
     </span>
     <span class='ocr_line' id='line_1_7' title="bbox 187 919 1280 1004; baseline -0.001 -19"><span class='ocrx_word' id='word_1_37' title='bbox 187 923 362 1004; x_wconf 62' lang='grc'>1111111112)</span> <span class='ocrx_word' id='word_1_38' title='bbox 392 922 604 1001; x_wconf 81' lang='grc' dir='ltr'>ἀνεπλήρωσε</span> <span class='ocrx_word' id='word_1_39' title='bbox 631 922 801 1000; x_wconf 88' lang='grc' dir='ltr'>κοσμήσας</span> <span class='ocrx_word' id='word_1_40' title='bbox 828 921 912 986; x_wconf 88' lang='grc' dir='ltr'>κίοσι</span> <span class='ocrx_word' id='word_1_41' title='bbox 933 923 985 986; x_wconf 88' lang='grc' dir='ltr'><strong>καὶ</strong></span> <span class='ocrx_word' id='word_1_42' title='bbox 1009 919 1187 1001; x_wconf 87' lang='grc' dir='ltr'>μαρμάροις</span> <span class='ocrx_word' id='word_1_43' title='bbox 1211 942 1280 986; x_wconf 89' lang='grc' dir='ltr'>ποι-</span> 
     </span>
     <span class='ocr_line' id='line_1_8' title="bbox 185 1021 1280 1104; baseline -0.005 -14"><span class='ocrx_word' id='word_1_44' title='bbox 185 1026 285 1104; x_wconf 87' lang='grc' dir='ltr'>κίλοις</span> <span class='ocrx_word' id='word_1_45' title='bbox 308 1029 540 1100; x_wconf 90' lang='lat' dir='ltr'><strong>(incrustatione</strong></span> <span class='ocrx_word' id='word_1_46' title='bbox 555 1021 1110 1102; x_wconf 79' lang='grc' dir='ltr'>1111110111)καὶχαλκουργήμασιν,</span> <span class='ocrx_word' id='word_1_47' title='bbox 1134 1044 1196 1101; x_wconf 93' lang='lat' dir='ltr'><strong>quo</strong></span> <span class='ocrx_word' id='word_1_48' title='bbox 1211 1026 1280 1084; x_wconf 93' lang='lat' dir='ltr'><strong>loco</strong></span> 
     </span>
     <span class='ocr_line' id='line_1_9' title="bbox 184 1126 1281 1206; baseline -0.003 -15"><span class='ocrx_word' id='word_1_49' title='bbox 184 1126 454 1206; x_wconf 84' lang='grc' dir='ltr'>χαλκουργήματα</span> <span class='ocrx_word' id='word_1_50' title='bbox 480 1129 538 1186; x_wconf 84' lang='grc'>1111</span> <span class='ocrx_word' id='word_1_51' title='bbox 568 1146 653 1187; x_wconf 88' lang='lat' dir='ltr'><strong>rarus</strong></span> <span class='ocrx_word' id='word_1_52' title='bbox 675 1129 725 1187; x_wconf 94' lang='lat' dir='ltr'><strong>hic</strong></span> <span class='ocrx_word' id='word_1_53' title='bbox 754 1130 837 1186; x_wconf 90' lang='lat' dir='ltr'><strong>verbi</strong></span> <span class='ocrx_word' id='word_1_54' title='bbox 859 1147 932 1186; x_wconf 89' lang='lat' dir='ltr'><strong>usus</strong></span> <span class='ocrx_word' id='word_1_55' title='bbox 956 1138 1004 1187; x_wconf 90' lang='lat' dir='ltr'><strong>est</strong></span> <span class='ocrx_word' id='word_1_56' title='bbox 1026 1146 1140 1188; x_wconf 89' lang='lat' dir='ltr'><strong>aeneas</strong></span> <span class='ocrx_word' id='word_1_57' title='bbox 1163 1136 1281 1188; x_wconf 88' lang='lat' dir='ltr'><strong>statuas</strong></span> 
     </span>
     <span class='ocr_line' id='line_1_10' title="bbox 185 1227 1281 1306; baseline -0.002 -18"><span class='ocrx_word' id='word_1_58' title='bbox 185 1233 216 1288; x_wconf 92' lang='lat' dir='ltr'><strong>in</strong></span> <span class='ocrx_word' id='word_1_59' title='bbox 243 1231 400 1306; x_wconf 87' lang='lat' dir='ltr'><strong>Zeuxippo</strong></span> <span class='ocrx_word' id='word_1_60' title='bbox 432 1230 597 1288; x_wconf 90' lang='lat' dir='ltr'><strong>collocatas</strong></span> <span class='ocrx_word' id='word_1_61' title='bbox 630 1229 791 1304; x_wconf 85' lang='lat' dir='ltr'><strong>intellego:</strong></span> <span class='ocrx_word' id='word_1_62' title='bbox 819 1247 894 1306; x_wconf 89' lang='lat' dir='ltr'><strong>quas</strong></span> <span class='ocrx_word' id='word_1_63' title='bbox 918 1230 1042 1304; x_wconf 87' lang='lat' dir='ltr'><strong>quidem</strong></span> <span class='ocrx_word' id='word_1_64' title='bbox 1065 1227 1281 1287; x_wconf 84' lang='lat' dir='ltr'><strong>Chiistodorus</strong></span> 
     </span>
     <span class='ocr_line' id='line_1_11' title="bbox 184 1329 1282 1404; baseline -0.001 -15"><span class='ocrx_word' id='word_1_65' title='bbox 184 1332 226 1389; x_wconf 93' lang='lat' dir='ltr'><strong>ibi</strong></span> <span class='ocrx_word' id='word_1_66' title='bbox 260 1333 334 1389; x_wconf 89' lang='lat' dir='ltr'><strong>vidit</strong></span> <span class='ocrx_word' id='word_1_67' title='bbox 365 1339 483 1389; x_wconf 91' lang='lat' dir='ltr'><strong>statuas</strong></span> <span class='ocrx_word' id='word_1_68' title='bbox 517 1348 634 1388; x_wconf 86' lang='lat' dir='ltr'><strong>aeneae</strong></span> <span class='ocrx_word' id='word_1_69' title='bbox 659 1339 743 1388; x_wconf 91' lang='lat' dir='ltr'><strong>certe</strong></span> <span class='ocrx_word' id='word_1_70' title='bbox 770 1331 902 1399; x_wconf 89' lang='lat' dir='ltr'><strong>fuerunt,</strong></span> <span class='ocrx_word' id='word_1_71' title='bbox 927 1331 1004 1389; x_wconf 88' lang='lat' dir='ltr'><strong>tales</strong></span> <span class='ocrx_word' id='word_1_72' title='bbox 1026 1331 1108 1388; x_wconf 91' lang='lat' dir='ltr'><strong>enim</strong></span> <span class='ocrx_word' id='word_1_73' title='bbox 1131 1329 1282 1404; x_wconf 84' lang='lat' dir='ltr'><strong>expressis</strong></span> 
     </span>
     <span class='ocr_line' id='line_1_12' title="bbox 186 1426 1281 1509; baseline -0.001 -20"><span class='ocrx_word' id='word_1_74' title='bbox 186 1431 283 1490; x_wconf 88' lang='lat' dir='ltr'><strong>verbis</strong></span> <span class='ocrx_word' id='word_1_75' title='bbox 306 1432 379 1489; x_wconf 90' lang='lat' dir='ltr'><strong>XXI</strong></span> <span class='ocrx_word' id='word_1_76' title='bbox 402 1426 560 1509; x_wconf 79' lang='lat' dir='ltr'><strong>indicat³),</strong></span> <span class='ocrx_word' id='word_1_77' title='bbox 595 1432 670 1488; x_wconf 90' lang='lat' dir='ltr'><strong>alias</strong></span> <span class='ocrx_word' id='word_1_78' title='bbox 698 1432 742 1489; x_wconf 91' lang='lat' dir='ltr'><strong>eis</strong></span> <span class='ocrx_word' id='word_1_79' title='bbox 770 1431 927 1489; x_wconf 91' lang='lat' dir='ltr'><strong>vocabulis</strong></span> <span class='ocrx_word' id='word_1_80' title='bbox 962 1426 1138 1508; x_wconf 86' lang='grc' dir='ltr'>(ἤστραπτε</span> <span class='ocrx_word' id='word_1_81' title='bbox 1162 1449 1207 1488; x_wconf 91' lang='lat' dir='ltr'><strong>vv.</strong></span> <span class='ocrx_word' id='word_1_82' title='bbox 1235 1445 1281 1504; x_wconf 99' lang='grc'><strong>13.</strong></span> 
     </span>
     <span class='ocr_line' id='line_1_13' title="bbox 187 1527 1282 1610; baseline 0 -18"><span class='ocrx_word' id='word_1_83' title='bbox 187 1533 257 1610; x_wconf 79' lang='grc'>367.</span> <span class='ocrx_word' id='word_1_84' title='bbox 281 1532 352 1608; x_wconf 89' lang='grc'>388.</span> <span class='ocrx_word' id='word_1_85' title='bbox 386 1528 507 1607; x_wconf 81' lang='grc' dir='ltr'>ἔλαμπε</span> <span class='ocrx_word' id='word_1_86' title='bbox 531 1551 576 1593; x_wconf 92' lang='lat' dir='ltr'><strong>vv.</strong></span> <span class='ocrx_word' id='word_1_87' title='bbox 602 1533 650 1609; x_wconf 91' lang='lat'><strong>78.</strong></span> <span class='ocrx_word' id='word_1_88' title='bbox 674 1549 724 1604; x_wconf 81' lang='lat'><strong>92.</strong></span> <span class='ocrx_word' id='word_1_89' title='bbox 750 1550 817 1606; x_wconf 85' lang='lat'><strong>144.</strong></span> <span class='ocrx_word' id='word_1_90' title='bbox 846 1549 911 1607; x_wconf 81' lang='lat'><strong>194.</strong></span> <span class='ocrx_word' id='word_1_91' title='bbox 941 1548 1010 1607; x_wconf 83' lang='lat'><strong>291.</strong></span> <span class='ocrx_word' id='word_1_92' title='bbox 1034 1546 1105 1607; x_wconf 85' lang='lat'><strong>357,</strong></span> <span class='ocrx_word' id='word_1_93' title='bbox 1133 1527 1282 1602; x_wconf 85' lang='grc' dir='ltr'>σελάγιζε</span> 
     </span>
     <span class='ocr_line' id='line_1_14' title="bbox 186 1631 1284 1712; baseline -0.001 -21"><span class='ocrx_word' id='word_1_94' title='bbox 186 1653 213 1693; x_wconf 91' lang='lat' dir='ltr'><strong>v.</strong></span> <span class='ocrx_word' id='word_1_95' title='bbox 237 1631 309 1712; x_wconf 84' lang='grc'>351)</span> <span class='ocrx_word' id='word_1_96' title='bbox 332 1652 412 1709; x_wconf 89' lang='lat' dir='ltr'><strong>quae</strong></span> <span class='ocrx_word' id='word_1_97' title='bbox 435 1635 567 1692; x_wconf 92' lang='lat' dir='ltr'><strong>sirecte</strong></span> <span class='ocrx_word' id='word_1_98' title='bbox 590 1636 631 1691; x_wconf 92' lang='lat' dir='ltr'><strong>ad</strong></span> <span class='ocrx_word' id='word_1_99' title='bbox 653 1635 811 1692; x_wconf 84' lang='lat' dir='ltr'><strong>materiem</strong></span> <span class='ocrx_word' id='word_1_100' title='bbox 834 1643 1004 1693; x_wconf 89' lang='lat' dir='ltr'><strong>statuarum</strong></span> <span class='ocrx_word' id='word_1_101' title='bbox 1028 1633 1199 1690; x_wconf 87' lang='lat' dir='ltr'><strong>referuntur</strong></span> <span class='ocrx_word' id='word_1_102' title='bbox 1220 1632 1284 1690; x_wconf 87' lang='lat' dir='ltr'><strong>aeri</strong></span> 
     </span>
     <span class='ocr_line' id='line_1_15' title="bbox 185 1737 791 1811; baseline 0 -17"><span class='ocrx_word' id='word_1_103' title='bbox 185 1737 293 1794; x_wconf 88' lang='lat' dir='ltr'><strong>melius</strong></span> <span class='ocrx_word' id='word_1_104' title='bbox 318 1753 410 1811; x_wconf 88' lang='lat' dir='ltr'><strong>quam</strong></span> <span class='ocrx_word' id='word_1_105' title='bbox 431 1737 573 1794; x_wconf 91' lang='lat' dir='ltr'><strong>marmori</strong></span> <span class='ocrx_word' id='word_1_106' title='bbox 596 1737 791 1794; x_wconf 89' lang='lat' dir='ltr'><strong>conveniant.</strong></span> 
     </span>
    </p>

    <p class='ocr_par' dir='ltr' id='par_1_4' title="bbox 186 1835 1286 2923">
     <span class='ocr_line' id='line_1_16' title="bbox 287 1835 1283 1914; baseline -0.001 -20"><span class='ocrx_word' id='word_1_107' title='bbox 287 1837 408 1895; x_wconf 92' lang='lat' dir='ltr'><strong>Nomen</strong></span> <span class='ocrx_word' id='word_1_108' title='bbox 429 1837 577 1913; x_wconf 88' lang='lat' dir='ltr'><strong>Zeuxippi</strong></span> <span class='ocrx_word' id='word_1_109' title='bbox 588 1836 625 1914; x_wconf 80' lang='lat'><strong>⁴),</strong></span> <span class='ocrx_word' id='word_1_110' title='bbox 652 1855 715 1914; x_wconf 93' lang='lat' dir='ltr'><strong>quo</strong></span> <span class='ocrx_word' id='word_1_111' title='bbox 738 1846 830 1896; x_wconf 88' lang='lat' dir='ltr'><strong>antea</strong></span> <span class='ocrx_word' id='word_1_112' title='bbox 852 1837 951 1894; x_wconf 87' lang='lat' dir='ltr'><strong>forum</strong></span> <span class='ocrx_word' id='word_1_113' title='bbox 973 1838 1057 1912; x_wconf 90' lang='lat' dir='ltr'><strong>quod</strong></span> <span class='ocrx_word' id='word_1_114' title='bbox 1080 1837 1192 1894; x_wconf 91' lang='lat' dir='ltr'><strong>eodem</strong></span> <span class='ocrx_word' id='word_1_115' title='bbox 1215 1835 1283 1893; x_wconf 90' lang='lat' dir='ltr'><strong>loco</strong></span> 
     </span>
     <span class='ocr_line' id='line_1_17' title="bbox 187 1936 1284 2004; baseline -0.001 -9"><span class='ocrx_word' id='word_1_116' title='bbox 187 1947 253 1996; x_wconf 90' lang='lat' dir='ltr'><strong>erat</strong></span> <span class='ocrx_word' id='word_1_117' title='bbox 276 1947 421 1996; x_wconf 89' lang='lat' dir='ltr'><strong>vocatum</strong></span> <span class='ocrx_word' id='word_1_118' title='bbox 444 1955 513 1996; x_wconf 90' lang='lat' dir='ltr'><strong>esse</strong></span> <span class='ocrx_word' id='word_1_119' title='bbox 529 1939 664 1996; x_wconf 90' lang='lat' dir='ltr'><strong>omnium</strong></span> <span class='ocrx_word' id='word_1_120' title='bbox 686 1947 846 1996; x_wconf 89' lang='lat' dir='ltr'><strong>auctorum</strong></span> <span class='ocrx_word' id='word_1_121' title='bbox 861 1955 1015 1995; x_wconf 88' lang='lat' dir='ltr'><strong>consensu</strong></span> <span class='ocrx_word' id='word_1_122' title='bbox 1031 1937 1175 2004; x_wconf 87' lang='lat' dir='ltr'><strong>firmatur,</strong></span> <span class='ocrx_word' id='word_1_123' title='bbox 1196 1936 1284 1994; x_wconf 87' lang='lat' dir='ltr'><strong>variis</strong></span> 
     </span>
     <span class='ocr_line' id='line_1_18' title="bbox 186 2034 1285 2116; baseline 0 -20"><span class='ocrx_word' id='word_1_124' title='bbox 186 2040 287 2097; x_wconf 89' lang='lat' dir='ltr'><strong>modis</strong></span> <span class='ocrx_word' id='word_1_125' title='bbox 309 2057 328 2096; x_wconf 90' lang='lat' dir='ltr'><strong>a</strong></span> <span class='ocrx_word' id='word_1_126' title='bbox 351 2039 502 2096; x_wconf 87' lang='lat' dir='ltr'><strong>veteribus</strong></span> <span class='ocrx_word' id='word_1_127' title='bbox 524 2041 597 2114; x_wconf 90' lang='lat' dir='ltr'><strong>ipsis</strong></span> <span class='ocrx_word' id='word_1_128' title='bbox 620 2040 802 2115; x_wconf 84' lang='lat' dir='ltr'><strong>explicatur:</strong></span> <span class='ocrx_word' id='word_1_129' title='bbox 825 2039 996 2116; x_wconf 91' lang='lat' dir='ltr'><strong>Hesychius</strong></span> <span class='ocrx_word' id='word_1_130' title='bbox 1011 2034 1177 2115; x_wconf 68' lang='lat' dir='ltr'><strong>Milesiusll</strong></span> <span class='ocrx_word' id='word_1_131' title='bbox 1199 2056 1285 2097; x_wconf 93' lang='lat' dir='ltr'><strong>eum·</strong></span> 
     </span>
     <span class='ocr_line' id='line_1_19' title="bbox 189 2135 1285 2216; baseline 0.003 -20"><span class='ocrx_word' id='word_1_132' title='bbox 189 2156 248 2213; x_wconf 90' lang='lat' dir='ltr'><strong>que</strong></span> <span class='ocrx_word' id='word_1_133' title='bbox 281 2149 406 2199; x_wconf 89' lang='lat' dir='ltr'><strong>secutus</strong></span> <span class='ocrx_word' id='word_1_134' title='bbox 431 2141 542 2199; x_wconf 89' lang='lat' dir='ltr'><strong>Suidas</strong></span> <span class='ocrx_word' id='word_1_135' title='bbox 565 2137 602 2216; x_wconf 87' lang='lat' dir='ltr'><strong>(s.</strong></span> <span class='ocrx_word' id='word_1_136' title='bbox 630 2160 656 2201; x_wconf 92' lang='lat' dir='ltr'><strong>v.</strong></span> <span class='ocrx_word' id='word_1_137' title='bbox 686 2136 880 2216; x_wconf 87' lang='grc' dir='ltr'>Ζεύξιππος)</span> <span class='ocrx_word' id='word_1_138' title='bbox 914 2158 998 2198; x_wconf 85' lang='lat' dir='ltr'><strong>aram</strong></span> <span class='ocrx_word' id='word_1_139' title='bbox 1027 2141 1108 2198; x_wconf 89' lang='lat' dir='ltr'><strong>lovis</strong></span> <span class='ocrx_word' id='word_1_140' title='bbox 1132 2135 1285 2213; x_wconf 79' lang='lat' dir='ltr'><strong>‘lnniou⁶)</strong></span> 
     </span>
     <span class='ocr_line' id='line_1_20' title="bbox 186 2239 1285 2316; baseline 0.004 -20"><span class='ocrx_word' id='word_1_141' title='bbox 186 2239 244 2296; x_wconf 92' lang='lat' dir='ltr'><strong>illic</strong></span> <span class='ocrx_word' id='word_1_142' title='bbox 275 2243 434 2316; x_wconf 89' lang='lat' dir='ltr'><strong>quondam</strong></span> <span class='ocrx_word' id='word_1_143' title='bbox 467 2242 561 2300; x_wconf 84' lang='lat' dir='ltr'><strong>fuisse</strong></span> <span class='ocrx_word' id='word_1_144' title='bbox 594 2243 748 2300; x_wconf 89' lang='lat' dir='ltr'><strong>somniant</strong></span> <span class='ocrx_word' id='word_1_145' title='bbox 770 2249 802 2299; x_wconf 90' lang='lat' dir='ltr'><strong>et</strong></span> <span class='ocrx_word' id='word_1_146' title='bbox 827 2241 1005 2299; x_wconf 88' lang='lat' dir='ltr'><strong>stultissima</strong></span> <span class='ocrx_word' id='word_1_147' title='bbox 1037 2242 1224 2316; x_wconf 85' lang='lat' dir='ltr'><strong>etymologia</strong></span> <span class='ocrx_word' id='word_1_148' title='bbox 1245 2259 1285 2300; x_wconf 87' lang='lat' dir='ltr'><strong>ex</strong></span> 
     </span>
     <span class='ocr_line' id='line_1_21' title="bbox 188 2336 1285 2417; baseline -0.003 -16"><span class='ocrx_word' id='word_1_149' title='bbox 188 2336 273 2416; x_wconf 89' lang='grc' dir='ltr'>Ζεύς</span> <span class='ocrx_word' id='word_1_150' title='bbox 295 2336 418 2415; x_wconf 88' lang='grc' dir='ltr'>Ἵππιος</span> <span class='ocrx_word' id='word_1_151' title='bbox 439 2337 621 2417; x_wconf 85' lang='grc' dir='ltr'>Ζεύξιππος</span> <span class='ocrx_word' id='word_1_152' title='bbox 649 2343 763 2401; x_wconf 85' lang='lat' dir='ltr'><strong>factum</strong></span> <span class='ocrx_word' id='word_1_153' title='bbox 795 2359 865 2400; x_wconf 86' lang='lat' dir='ltr'><strong>esse</strong></span> <span class='ocrx_word' id='word_1_154' title='bbox 897 2343 1012 2403; x_wconf 90' lang='lat' dir='ltr'><strong>volunt.</strong></span> <span class='ocrx_word' id='word_1_155' title='bbox 1046 2359 1146 2417; x_wconf 90' lang='lat' dir='ltr'><strong>neque</strong></span> <span class='ocrx_word' id='word_1_156' title='bbox 1167 2342 1217 2400; x_wconf 87' lang='lat' dir='ltr'><strong>illa</strong></span> <span class='ocrx_word' id='word_1_157' title='bbox 1240 2342 1285 2398; x_wconf 89' lang='lat' dir='ltr'><strong>in·</strong></span> 
     </span>
     <span class='ocr_line' id='line_1_22' title="bbox 188 2437 1283 2518; baseline 0 -20"><span class='ocrx_word' id='word_1_158' title='bbox 188 2445 365 2517; x_wconf 87' lang='lat' dir='ltr'><strong>terpretatio</strong></span> <span class='ocrx_word' id='word_1_159' title='bbox 387 2444 550 2518; x_wconf 90' lang='lat' dir='ltr'><strong>probanda</strong></span> <span class='ocrx_word' id='word_1_160' title='bbox 571 2443 643 2500; x_wconf 89' lang='lat' dir='ltr'><strong>mihi</strong></span> <span class='ocrx_word' id='word_1_161' title='bbox 666 2444 795 2512; x_wconf 91' lang='lat' dir='ltr'><strong>videtur,</strong></span> <span class='ocrx_word' id='word_1_162' title='bbox 819 2460 880 2518; x_wconf 92' lang='lat' dir='ltr'><strong>qua</strong></span> <span class='ocrx_word' id='word_1_163' title='bbox 901 2444 984 2500; x_wconf 91' lang='lat' dir='ltr'><strong>idem</strong></span> <span class='ocrx_word' id='word_1_164' title='bbox 1005 2443 1175 2518; x_wconf 90' lang='lat' dir='ltr'><strong>Hesychius</strong></span> <span class='ocrx_word' id='word_1_165' title='bbox 1199 2437 1283 2518; x_wconf 86' lang='grc'>(1.1.)</span> 
     </span>
     <span class='ocr_line' id='line_1_23' title="bbox 188 2542 1285 2619; baseline -0.002 -18"><span class='ocrx_word' id='word_1_166' title='bbox 188 2562 207 2601; x_wconf 97' lang='grc'><strong>1</strong></span> <span class='ocrx_word' id='word_1_167' title='bbox 229 2543 298 2601; x_wconf 92' lang='lat' dir='ltr'><strong>luco</strong></span> <span class='ocrx_word' id='word_1_168' title='bbox 320 2544 461 2602; x_wconf 87' lang='lat' dir='ltr'><strong>Herculis</strong></span> <span class='ocrx_word' id='word_1_169' title='bbox 483 2545 535 2619; x_wconf 91' lang='lat' dir='ltr'><strong>qui</strong></span> <span class='ocrx_word' id='word_1_170' title='bbox 554 2543 713 2602; x_wconf 90' lang='lat' dir='ltr'><strong>Diomedis</strong></span> <span class='ocrx_word' id='word_1_171' title='bbox 734 2561 830 2618; x_wconf 87' lang='lat' dir='ltr'><strong>equas</strong></span> <span class='ocrx_word' id='word_1_172' title='bbox 852 2545 893 2601; x_wconf 93' lang='lat' dir='ltr'><strong>ibi</strong></span> <span class='ocrx_word' id='word_1_173' title='bbox 915 2545 987 2618; x_wconf 88' lang='lat' dir='ltr'><strong>iugo</strong></span> <span class='ocrx_word' id='word_1_174' title='bbox 1010 2544 1200 2602; x_wconf 90' lang='lat' dir='ltr'><strong>submisisset</strong></span> <span class='ocrx_word' id='word_1_175' title='bbox 1222 2542 1285 2600; x_wconf 91' lang='lat' dir='ltr'><strong>bal·</strong></span> 
     </span>
     <span class='ocr_line' id='line_1_24' title="bbox 187 2644 1285 2719; baseline 0 -19"><span class='ocrx_word' id='word_1_176' title='bbox 187 2661 279 2701; x_wconf 87' lang='lat' dir='ltr'><strong>neum</strong></span> <span class='ocrx_word' id='word_1_177' title='bbox 300 2644 531 2702; x_wconf 88' lang='lat' dir='ltr'><strong>denominatum</strong></span> <span class='ocrx_word' id='word_1_178' title='bbox 557 2662 628 2702; x_wconf 90' lang='lat' dir='ltr'><strong>esse</strong></span> <span class='ocrx_word' id='word_1_179' title='bbox 655 2646 824 2706; x_wconf 87' lang='lat' dir='ltr'><strong>contendit.</strong></span> <span class='ocrx_word' id='word_1_180' title='bbox 866 2664 905 2702; x_wconf 91' lang='lat' dir='ltr'><strong>ne</strong></span> <span class='ocrx_word' id='word_1_181' title='bbox 931 2663 1000 2704; x_wconf 88' lang='lat' dir='ltr'><strong>eam</strong></span> <span class='ocrx_word' id='word_1_182' title='bbox 1025 2646 1160 2719; x_wconf 89' lang='lat' dir='ltr'><strong>quidem,</strong></span> <span class='ocrx_word' id='word_1_183' title='bbox 1193 2661 1285 2718; x_wconf 91' lang='lat' dir='ltr'><strong>quam</strong></span> 
     </span>
     <span class='ocr_line' id='line_1_25' title="bbox 188 2739 1286 2823; baseline -0.001 -21"><span class='ocrx_word' id='word_1_184' title='bbox 188 2763 226 2802; x_wconf 88' lang='lat' dir='ltr'><strong>ex</strong></span> <span class='ocrx_word' id='word_1_185' title='bbox 257 2745 382 2802; x_wconf 88' lang='lat' dir='ltr'><strong>Eusebii</strong></span> <span class='ocrx_word' id='word_1_186' title='bbox 414 2745 563 2804; x_wconf 88' lang='lat' dir='ltr'><strong>chronicis</strong></span> <span class='ocrx_word' id='word_1_187' title='bbox 586 2746 790 2822; x_wconf 89' lang='lat' dir='ltr'><strong>Hieronymus</strong></span> <span class='ocrx_word' id='word_1_188' title='bbox 824 2743 980 2822; x_wconf 78' lang='lat' dir='ltr'><strong>protulit⁷)</strong></span> <span class='ocrx_word' id='word_1_189' title='bbox 1015 2739 1154 2823; x_wconf 65' lang='lat' dir='ltr'><strong>(Zeuxis</strong></span> <span class='ocrx_word' id='word_1_190' title='bbox 1187 2745 1286 2819; x_wconf 87' lang='lat' dir='ltr'><strong>pictor</strong></span> 
     </span>
     <span class='ocr_line' id='line_1_26' title="bbox 188 2847 1285 2923; baseline 0.001 -20"><span class='ocrx_word' id='word_1_191' title='bbox 188 2848 374 2920; x_wconf 83' lang='lat' dir='ltr'><strong>agnoscitur,</strong></span> <span class='ocrx_word' id='word_1_192' title='bbox 407 2865 446 2904; x_wconf 89' lang='lat' dir='ltr'><strong>ex</strong></span> <span class='ocrx_word' id='word_1_193' title='bbox 469 2849 554 2906; x_wconf 91' lang='lat' dir='ltr'><strong>cuius</strong></span> <span class='ocrx_word' id='word_1_194' title='bbox 581 2848 631 2904; x_wconf 90' lang='lat' dir='ltr'><strong>alii</strong></span> <span class='ocrx_word' id='word_1_195' title='bbox 652 2848 833 2922; x_wconf 89' lang='lat' dir='ltr'><strong>imaginibus</strong></span> <span class='ocrx_word' id='word_1_196' title='bbox 861 2865 937 2923; x_wconf 89' lang='lat' dir='ltr'><strong>quas</strong></span> <span class='ocrx_word' id='word_1_197' title='bbox 964 2848 1108 2922; x_wconf 88' lang='lat' dir='ltr'><strong>plurimas</strong></span> <span class='ocrx_word' id='word_1_198' title='bbox 1140 2847 1285 2904; x_wconf 87' lang='lat' dir='ltr'><strong>invitatus</strong></span> 
     </span>
    </p>
   </div>
   <div class='ocr_carea' id='block_1_3' title="bbox 188 3110 1311 4240">
    <p class='ocr_par' dir='ltr' id='par_1_5' title="bbox 291 3110 661 3180">
     <span class='ocr_line' id='line_1_27' title="bbox 291 3110 661 3180; baseline 0.008 -21"><span class='ocrx_word' id='word_1_199' title='bbox 291 3111 316 3180; x_wconf 87' lang='lat'><strong>1)</strong></span> <span class='ocrx_word' id='word_1_200' title='bbox 335 3111 425 3162; x_wconf 89' lang='lat' dir='ltr'><strong>chron.</strong></span> <span class='ocrx_word' id='word_1_201' title='bbox 445 3110 535 3177; x_wconf 88' lang='lat' dir='ltr'><strong>pasch.</strong></span> <span class='ocrx_word' id='word_1_202' title='bbox 554 3128 581 3177; x_wconf 91' lang='lat' dir='ltr'><strong>p.</strong></span> <span class='ocrx_word' id='word_1_203' title='bbox 601 3124 661 3176; x_wconf 81' lang='lat'><strong>494.</strong></span> 
     </span>
    </p>

    <p class='ocr_par' dir='ltr' id='par_1_6' title="bbox 289 3201 428 3266">
     <span class='ocr_line' id='line_1_28' title="bbox 289 3201 428 3266; baseline 0 -4"><span class='ocrx_word' id='word_1_204' title='bbox 289 3201 313 3262; x_wconf 81' lang='lat'><strong>2)</strong></span> <span class='ocrx_word' id='word_1_205' title='bbox 331 3211 428 3266; x_wconf 81' lang='lat' dir='ltr'><strong>n-s29-</strong></span> 
     </span>
    </p>

    <p class='ocr_par' dir='ltr' id='par_1_7' title="bbox 188 3287 1286 3516">
     <span class='ocr_line' id='line_1_29' title="bbox 290 3287 1286 3354; baseline 0.004 -17"><span class='ocrx_word' id='word_1_206' title='bbox 290 3287 317 3354; x_wconf 82' lang='lat'><strong>3)</strong></span> <span class='ocrx_word' id='word_1_207' title='bbox 337 3289 368 3338; x_wconf 83' lang='lat' dir='ltr'><strong>cl.</strong></span> <span class='ocrx_word' id='word_1_208' title='bbox 389 3305 429 3339; x_wconf 91' lang='lat' dir='ltr'><strong>vv.</strong></span> <span class='ocrx_word' id='word_1_209' title='bbox 453 3299 492 3338; x_wconf 85' lang='lat'><strong>12.</strong></span> <span class='ocrx_word' id='word_1_210' title='bbox 520 3287 560 3340; x_wconf 87' lang='lat'><strong>18.</strong></span> <span class='ocrx_word' id='word_1_211' title='bbox 581 3298 622 3350; x_wconf 88' lang='lat'><strong>31.</strong></span> <span class='ocrx_word' id='word_1_212' title='bbox 647 3299 689 3350; x_wconf 90' lang='lat'><strong>39.</strong></span> <span class='ocrx_word' id='word_1_213' title='bbox 712 3300 755 3352; x_wconf 87' lang='lat'><strong>47.</strong></span> <span class='ocrx_word' id='word_1_214' title='bbox 781 3289 821 3352; x_wconf 89' lang='lat'><strong>58.</strong></span> <span class='ocrx_word' id='word_1_215' title='bbox 847 3300 889 3353; x_wconf 89' lang='lat'><strong>73.</strong></span> <span class='ocrx_word' id='word_1_216' title='bbox 915 3289 956 3353; x_wconf 91' lang='grc'>78.</span> <span class='ocrx_word' id='word_1_217' title='bbox 981 3289 1023 3352; x_wconf 88' lang='lat'><strong>83.</strong></span> <span class='ocrx_word' id='word_1_218' title='bbox 1050 3289 1107 3340; x_wconf 92' lang='lat'><strong>118.</strong></span> <span class='ocrx_word' id='word_1_219' title='bbox 1139 3299 1196 3339; x_wconf 91' lang='lat'><strong>122.</strong></span> <span class='ocrx_word' id='word_1_220' title='bbox 1228 3300 1286 3353; x_wconf 86' lang='lat'><strong>152.</strong></span> 
     </span>
     <span class='ocr_line' id='line_1_30' title="bbox 191 3375 1286 3444; baseline 0.001 -18"><span class='ocrx_word' id='word_1_221' title='bbox 191 3378 249 3439; x_wconf 89' lang='lat'><strong>169.</strong></span> <span class='ocrx_word' id='word_1_222' title='bbox 275 3377 333 3441; x_wconf 90' lang='lat'><strong>178.</strong></span> <span class='ocrx_word' id='word_1_223' title='bbox 360 3376 419 3436; x_wconf 88' lang='lat'><strong>198.</strong></span> <span class='ocrx_word' id='word_1_224' title='bbox 442 3376 503 3426; x_wconf 86' lang='lat'><strong>206.</strong></span> <span class='ocrx_word' id='word_1_225' title='bbox 529 3376 588 3440; x_wconf 84' lang='lat'><strong>256.</strong></span> <span class='ocrx_word' id='word_1_226' title='bbox 615 3375 674 3425; x_wconf 90' lang='lat'><strong>286.</strong></span> <span class='ocrx_word' id='word_1_227' title='bbox 701 3388 759 3439; x_wconf 89' lang='lat'><strong>293.</strong></span> <span class='ocrx_word' id='word_1_228' title='bbox 786 3387 846 3439; x_wconf 88' lang='lat'><strong>311.</strong></span> <span class='ocrx_word' id='word_1_229' title='bbox 876 3383 967 3428; x_wconf 83' lang='lat' dir='ltr'><strong>contra</strong></span> <span class='ocrx_word' id='word_1_230' title='bbox 993 3377 1129 3428; x_wconf 81' lang='lat' dir='ltr'><strong>marmoris</strong></span> <span class='ocrx_word' id='word_1_231' title='bbox 1157 3393 1286 3444; x_wconf 82' lang='lat' dir='ltr'><strong>nusquam</strong></span> 
     </span>
     <span class='ocr_line' id='line_1_31' title="bbox 188 3465 343 3516; baseline 0 0"><span class='ocrx_word' id='word_1_232' title='bbox 188 3466 288 3516; x_wconf 91' lang='lat' dir='ltr'><strong>mentio</strong></span> <span class='ocrx_word' id='word_1_233' title='bbox 307 3465 343 3516; x_wconf 84' lang='lat' dir='ltr'><strong>fit.</strong></span> 
     </span>
    </p>

    <p class='ocr_par' dir='ltr' id='par_1_8' title="bbox 190 3551 1311 3693">
     <span class='ocr_line' id='line_1_32' title="bbox 289 3551 1311 3622; baseline -0.001 -16"><span class='ocrx_word' id='word_1_234' title='bbox 289 3551 317 3622; x_wconf 82' lang='lat'><strong>4)</strong></span> <span class='ocrx_word' id='word_1_235' title='bbox 335 3554 351 3606; x_wconf 88' lang='grc' dir='ltr'>ὁ</span> <span class='ocrx_word' id='word_1_236' title='bbox 370 3552 534 3618; x_wconf 82' lang='grc' dir='ltr'>Ζεύξιππος,</span> <span class='ocrx_word' id='word_1_237' title='bbox 554 3568 608 3602; x_wconf 92' lang='lat' dir='ltr'><strong>non</strong></span> <span class='ocrx_word' id='word_1_238' title='bbox 626 3552 660 3604; x_wconf 91' lang='grc' dir='ltr'><strong>τὸ</strong></span> <span class='ocrx_word' id='word_1_239' title='bbox 679 3551 839 3607; x_wconf 73' lang='grc' dir='ltr'>Ζευξίππου</span> <span class='ocrx_word' id='word_1_240' title='bbox 868 3555 938 3621; x_wconf 90' lang='lat' dir='ltr'><strong>apud</strong></span> <span class='ocrx_word' id='word_1_241' title='bbox 967 3569 1058 3604; x_wconf 90' lang='lat' dir='ltr'><strong>omnes</strong></span> <span class='ocrx_word' id='word_1_242' title='bbox 1087 3555 1141 3605; x_wconf 84' lang='lat' dir='ltr'><strong>iere</strong></span> <span class='ocrx_word' id='word_1_243' title='bbox 1166 3561 1285 3606; x_wconf 83' lang='lat' dir='ltr'><strong>auctores</strong></span> <span class='ocrx_word' id='word_1_244' title='bbox 1309 3553 1311 3558; x_wconf 74' lang='grc'><strong>“</strong></span> 
     </span>
     <span class='ocr_line' id='line_1_33' title="bbox 190 3642 292 3693; baseline 0.01 -1"><span class='ocrx_word' id='word_1_245' title='bbox 190 3642 292 3693; x_wconf 89' lang='lat' dir='ltr'><strong>dicitur.</strong></span> 
     </span>
    </p>

    <p class='ocr_par' dir='ltr' id='par_1_9' title="bbox 291 3729 810 3797">
     <span class='ocr_line' id='line_1_34' title="bbox 291 3729 810 3797; baseline 0.002 -17"><span class='ocrx_word' id='word_1_246' title='bbox 291 3729 316 3796; x_wconf 89' lang='grc'><strong>5)</strong></span> <span class='ocrx_word' id='word_1_247' title='bbox 335 3731 452 3781; x_wconf 88' lang='lat' dir='ltr'><strong>Mueller</strong></span> <span class='ocrx_word' id='word_1_248' title='bbox 470 3732 513 3781; x_wconf 92' lang='lat' dir='ltr'><strong>Fr.</strong></span> <span class='ocrx_word' id='word_1_249' title='bbox 533 3731 567 3782; x_wconf 88' lang='lat' dir='ltr'><strong>H.</strong></span> <span class='ocrx_word' id='word_1_250' title='bbox 588 3731 633 3782; x_wconf 84' lang='lat' dir='ltr'><strong>Gr.</strong></span> <span class='ocrx_word' id='word_1_251' title='bbox 651 3729 692 3779; x_wconf 84' lang='lat' dir='ltr'><strong>lv</strong></span> <span class='ocrx_word' id='word_1_252' title='bbox 711 3747 737 3797; x_wconf 93' lang='lat' dir='ltr'><strong>p.</strong></span> <span class='ocrx_word' id='word_1_253' title='bbox 753 3741 810 3795; x_wconf 83' lang='lat'><strong>153.</strong></span> 
     </span>
    </p>

    <p class='ocr_par' dir='ltr' id='par_1_10' title="bbox 289 3817 936 3886">
     <span class='ocr_line' id='line_1_35' title="bbox 289 3817 936 3886; baseline 0.003 -18"><span class='ocrx_word' id='word_1_254' title='bbox 289 3817 315 3886; x_wconf 89' lang='grc'><strong>6)</strong></span> <span class='ocrx_word' id='word_1_255' title='bbox 334 3819 400 3869; x_wconf 86' lang='lat' dir='ltr'><strong>alias</strong></span> <span class='ocrx_word' id='word_1_256' title='bbox 420 3834 548 3883; x_wconf 88' lang='lat' dir='ltr'><strong>nusquam</strong></span> <span class='ocrx_word' id='word_1_257' title='bbox 567 3818 619 3867; x_wconf 93' lang='lat' dir='ltr'><strong>hoc</strong></span> <span class='ocrx_word' id='word_1_258' title='bbox 636 3833 733 3868; x_wconf 87' lang='lat' dir='ltr'><strong>nomen</strong></span> <span class='ocrx_word' id='word_1_259' title='bbox 752 3819 811 3868; x_wconf 90' lang='lat' dir='ltr'><strong>Iovi</strong></span> <span class='ocrx_word' id='word_1_260' title='bbox 829 3819 936 3871; x_wconf 87' lang='lat' dir='ltr'><strong>inditur.</strong></span> 
     </span>
    </p>

    <p class='ocr_par' dir='ltr' id='par_1_11' title="bbox 189 3905 1286 4240">
     <span class='ocr_line' id='line_1_36' title="bbox 289 3905 1285 3975; baseline 0.002 -18"><span class='ocrx_word' id='word_1_261' title='bbox 289 3905 317 3974; x_wconf 87' lang='lat'><strong>7)</strong></span> <span class='ocrx_word' id='word_1_262' title='bbox 336 3909 370 3957; x_wconf 90' lang='lat' dir='ltr'><strong>ad</strong></span> <span class='ocrx_word' id='word_1_263' title='bbox 388 3924 448 3958; x_wconf 87' lang='lat' dir='ltr'><strong>ann.</strong></span> <span class='ocrx_word' id='word_1_264' title='bbox 467 3907 535 3957; x_wconf 90' lang='lat' dir='ltr'><strong>Abr.</strong></span> <span class='ocrx_word' id='word_1_265' title='bbox 558 3919 625 3973; x_wconf 82' lang='lat'><strong>1550</strong></span> <span class='ocrx_word' id='word_1_266' title='bbox 643 3909 718 3957; x_wconf 87' lang='lat' dir='ltr'><strong>Pers.</strong></span> <span class='ocrx_word' id='word_1_267' title='bbox 742 3919 772 3969; x_wconf 87' lang='lat'><strong>19</strong></span> <span class='ocrx_word' id='word_1_268' title='bbox 792 3907 914 3958; x_wconf 90' lang='lat' dir='ltr'><strong>Schoene</strong></span> <span class='ocrx_word' id='word_1_269' title='bbox 932 3909 968 3968; x_wconf 89' lang='lat'><strong>11,</strong></span> <span class='ocrx_word' id='word_1_270' title='bbox 978 3925 1004 3975; x_wconf 94' lang='lat' dir='ltr'><strong>p.</strong></span> <span class='ocrx_word' id='word_1_271' title='bbox 1018 3921 1076 3972; x_wconf 89' lang='grc'>103.</span> <span class='ocrx_word' id='word_1_272' title='bbox 1095 3910 1122 3959; x_wconf 93' lang='lat' dir='ltr'><strong>ni</strong></span> <span class='ocrx_word' id='word_1_273' title='bbox 1141 3909 1220 3960; x_wconf 85' lang='grc'>111101</span> <span class='ocrx_word' id='word_1_274' title='bbox 1239 3925 1285 3959; x_wconf 92' lang='lat' dir='ltr'><strong>no-</strong></span> 
     </span>
     <span class='ocr_line' id='line_1_37' title="bbox 189 3996 1286 4063; baseline 0.003 -18"><span class='ocrx_word' id='word_1_275' title='bbox 189 4011 250 4045; x_wconf 84' lang='lat' dir='ltr'><strong>vum</strong></span> <span class='ocrx_word' id='word_1_276' title='bbox 278 3996 340 4046; x_wconf 90' lang='lat' dir='ltr'><strong>inde</strong></span> <span class='ocrx_word' id='word_1_277' title='bbox 368 4004 550 4060; x_wconf 86' lang='lat' dir='ltr'><strong>argumentum</strong></span> <span class='ocrx_word' id='word_1_278' title='bbox 569 3996 684 4062; x_wconf 86' lang='lat' dir='ltr'><strong>suppetit</strong></span> <span class='ocrx_word' id='word_1_279' title='bbox 704 4011 757 4062; x_wconf 93' lang='lat' dir='ltr'><strong>quo</strong></span> <span class='ocrx_word' id='word_1_280' title='bbox 775 3996 939 4063; x_wconf 86' lang='lat' dir='ltr'><strong>Zeuxippum</strong></span> <span class='ocrx_word' id='word_1_281' title='bbox 965 3998 1094 4063; x_wconf 89' lang='lat' dir='ltr'><strong>pictorem</strong></span> <span class='ocrx_word' id='word_1_282' title='bbox 1119 3998 1147 4046; x_wconf 92' lang='lat' dir='ltr'><strong>in</strong></span> <span class='ocrx_word' id='word_1_283' title='bbox 1165 3997 1286 4048; x_wconf 87' lang='lat' dir='ltr'><strong>Platonis</strong></span> 
     </span>
     <span class='ocr_line' id='line_1_38' title="bbox 190 4083 1285 4155; baseline 0.004 -22"><span class='ocrx_word' id='word_1_284' title='bbox 190 4086 296 4147; x_wconf 87' lang='lat' dir='ltr'><strong>Protag.</strong></span> <span class='ocrx_word' id='word_1_285' title='bbox 315 4100 339 4150; x_wconf 91' lang='lat' dir='ltr'><strong>p.</strong></span> <span class='ocrx_word' id='word_1_286' title='bbox 351 4085 402 4148; x_wconf 90' lang='grc'><strong>318</strong></span> <span class='ocrx_word' id='word_1_287' title='bbox 413 4087 436 4133; x_wconf 90' lang='grc' dir='ltr'>Β</span> <span class='ocrx_word' id='word_1_288' title='bbox 455 4091 684 4133; x_wconf 88' lang='lat' dir='ltr'><strong>commemoratum</strong></span> <span class='ocrx_word' id='word_1_289' title='bbox 704 4083 817 4134; x_wconf 89' lang='lat' dir='ltr'><strong>eundem</strong></span> <span class='ocrx_word' id='word_1_290' title='bbox 831 4100 861 4134; x_wconf 86' lang='lat' dir='ltr'><strong>ac</strong></span> <span class='ocrx_word' id='word_1_291' title='bbox 871 4085 970 4135; x_wconf 81' lang='lat' dir='ltr'><strong>Zeuxin</strong></span> <span class='ocrx_word' id='word_1_292' title='bbox 984 4100 1042 4135; x_wconf 87' lang='lat' dir='ltr'><strong>esse</strong></span> <span class='ocrx_word' id='word_1_293' title='bbox 1055 4085 1221 4136; x_wconf 80' lang='lat' dir='ltr'><strong>affirmemus.</strong></span> <span class='ocrx_word' id='word_1_294' title='bbox 1241 4083 1285 4155; x_wconf 83' lang='lat' dir='ltr'><strong>(cs.</strong></span> 
     </span>
     <span class='ocr_line' id='line_1_39' title="bbox 189 4173 620 4240; baseline 0 -19"><span class='ocrx_word' id='word_1_295' title='bbox 189 4173 288 4223; x_wconf 89' lang='lat' dir='ltr'><strong>Brunu.</strong></span> <span class='ocrx_word' id='word_1_296' title='bbox 307 4173 368 4224; x_wconf 89' lang='lat' dir='ltr'><strong>hist.</strong></span> <span class='ocrx_word' id='word_1_297' title='bbox 388 4174 456 4224; x_wconf 78' lang='lat' dir='ltr'><strong>artis.</strong></span> <span class='ocrx_word' id='word_1_298' title='bbox 475 4175 511 4233; x_wconf 88' lang='lat'><strong>11,</strong></span> <span class='ocrx_word' id='word_1_299' title='bbox 530 4190 556 4240; x_wconf 93' lang='lat' dir='ltr'><strong>p.</strong></span> <span class='ocrx_word' id='word_1_300' title='bbox 568 4174 620 4238; x_wconf 90' lang='lat'><strong>77.)</strong></span> 
     </span>
    </p>
   </div>
   <div class='ocr_carea' id='block_1_4' title="bbox 0 0 1577 4904">
    <p class='ocr_par' dir='ltr' id='par_1_12' title="bbox 0 0 1577 4904">
     <span class='ocr_line' id='line_1_40' title="bbox 0 0 1577 4904; baseline 0 0"><span class='ocrx_word' id='word_1_301' title='bbox 0 0 1577 4904; x_wconf 95' lang='lat' dir='ltr'><strong> </strong></span> 
     </span>
    </p>
   </div>
  </div>
 </body>
</html>
