3122 4904
813 276 844 314 12

282 443 399 502 fecerat
428 442 580 499 lavacrum
603 441 815 516 Byzantiorum
837 442 1025 517 appellatum
1055 437 1263 517 arbitrantur’)
1289 443 1377 503 ullius

285 563 354 604 esse
377 544 566 602 auctoritatis
593 552 677 620 puto.
713 531 884 602 extremum
912 552 1016 602 autem
1048 544 1257 602 testimonium
1276 563 1378 603 veram

280 648 412 707 nominis
444 647 592 722 originem
623 648 755 722 prodere
786 647 913 716 videtur,
947 647 979 703 id
1013 647 1097 720 quod
1118 647 1228 721 legitur
1245 647 1379 706 chronici

280 749 433 826 paschalis
455 768 485 825 p.
504 764 581 823 494:
604 743 709 808 ἔκτισε
733 741 811 826 (scil.
828 744 972 822 Severus)
998 745 1035 807 τό
1058 744 1216 822 δημόσιον
1239 746 1377 824 λουτρόν

281 847 318 910 τό
341 845 518 924 λεγόμενον
540 842 731 909 Ζεύξιππον.
762 844 814 908 καὶ
841 843 890 907 ότι
919 844 984 907 ἐκεῖ
1009 843 1124 908 ἵστατο
1148 845 1183 908 ἐν
1207 845 1296 930 μέσῳ
1318 849 1376 909 τοῦ

279 947 486 1030 τετραστῴου
516 945 617 1024 στήλη
652 948 752 1024 χαλκῆ
785 949 843 1009 τοῦ
867 943 975 1009 Ἡλίου
1009 945 1060 1008 καὶ
1092 944 1243 1008 ὑποκάτω
1278 945 1378 1025 αὐτῆς

281 1042 444 1127 ἐγράφετο
464 1047 503 1111 τὸ
525 1045 629 1124 όνομα
651 1051 708 1110 τοῦ
731 1045 838 1111 Ἠλίου
864 1046 1055 1112 Ζευξίππου.
1089 1051 1144 1125 (sic
1166 1051 1236 1108 cod.
1260 1049 1375 1124 Vatic.;

281 1153 355 1210 edit.
379 1151 473 1211 Paris.
495 1150 590 1208 habet
611 1151 669 1211 τοῦ
692 1148 784 1226 ἡλίου
807 1148 844 1211 τό
867 1147 986 1227 ὄνομα)
1012 1147 1042 1211 oi
1065 1149 1100 1212 δὲ
1124 1148 1249 1231 Θρᾷκες
1271 1148 1377 1226 οὕτως

280 1249 395 1326 ἔλεγον
416 1249 474 1312 τὸν
496 1248 598 1312 τόπον
619 1247 741 1328 Ἥλιον,
774 1248 805 1313 οἱ
827 1250 863 1312 δὲ
888 1253 946 1327 τῆς
968 1249 1096 1326 πόλεως
1121 1249 1303 1314 Βυζαντίων
1325 1250 1377 1313 καὶ

262 1349 373 1415 ἀὐτοὶ
395 1347 571 1427 ὠνόμασαν
592 1350 629 1413 τό
652 1349 733 1413 αὐτὸ
755 1350 912 1429 δημόσιον
935 1351 1073 1430 λουτρὸν
1092 1350 1274 1416 Ζεύξιππον
1296 1351 1377 1414 κατά

280 1451 445 1530 τὸόνομα
473 1450 553 1530 ὅπερ
582 1449 645 1529 εἶχε
675 1453 787 1535 πρῴην
810 1451 829 1516 ὁ
851 1452 952 1529 τόπος
975 1502 1101 1514 .....
1124 1452 1255 1528 ἐγένετο
1281 1452 1377 1516 δὲτὸ

280 1552 486 1636 τετράστῳον
513 1556 571 1616 τοῦ
593 1551 776 1618 Ζευξίππου
806 1552 889 1616 ὅπου
914 1551 1029 1617 ἵστατο
1056 1553 1091 1616 ἐν
1120 1553 1210 1637 μέσῳ
1232 1552 1251 1631 ἡ
1275 1554 1376 1631 στήλη

280 1659 339 1719 τοῦ
370 1651 487 1732 Ἡλίου,
521 1654 572 1717 καὶ
604 1652 730 1718 ἔκτισεν
763 1656 840 1730 (scil.
871 1654 1015 1736 Severus)
1051 1653 1118 1718 ἀντ’
1148 1653 1248 1717 αὐτοῦ
1277 1654 1311 1719 ἐν
1338 1660 1376 1738 τῇ

281 1754 455 1834 ἀκροπόλει
486 1753 567 1817 ναὸν
595 1753 666 1833 ἤτοι
691 1753 780 1832 ἱερὸν
802 1752 1016 1832 Ἀπόλλωνος.
1050 1754 1102 1817 καὶ
1124 1751 1298 1829 ἀναγαγὼν
1321 1755 1377 1816 Σε-

283 1859 380 1937 βῆρος
396 1856 431 1919 ἐκ
447 1858 504 1919 τοῦ
521 1857 728 1940 τετραστῴου
746 1856 784 1918 τὸ
800 1853 928 1933 ἄγαλμα
949 1857 987 1919 τὸ
1010 1855 1117 1920 Ἡλίου
1134 1854 1273 1934 ἔστησεν
1297 1855 1377 1920 αὐτὸ

281 1955 350 2022 ἄνω
379 1957 414 2020 ἐν
440 1961 486 2041 τῷ
514 1954 600 2040 ἱερῷ.
637 1961 677 2016 de
701 1959 840 2034 Apolline
863 1960 1022 2036 Zeuxippo
1054 1961 1101 2016 vel
1125 1960 1194 2018 Sole
1217 1961 1375 2036 Zeuxippo

282 2060 355 2117 nihil
394 2060 476 2117 aliud
507 2060 720 2134 comperimus,
762 2077 863 2134 neque
896 2061 928 2116 in
958 2062 1051 2117 titulis
1085 2079 1162 2136 quos
1198 2061 1388 2136 perlustravi

281 2162 341 2218 hoc
364 2161 488 2218 nomine
521 2162 598 2218 deus
631 2161 801 2235 insignitur.
837 2162 868 2218 in
887 2161 933 2217 his
966 2163 1113 2236 angustiis
1138 2162 1309 2221 Pausaniae
1331 2162 1375 2219 lo·

282 2280 336 2320 cus
347 2259 370 2336 ¹)
401 2262 490 2319 nobis
521 2261 679 2330 succurrit,
714 2263 766 2319 ubi
802 2262 975 2338 Zeuxippus
1010 2263 1131 2320 ultimus
1170 2264 1378 2339 Sicyoniorum

280 2381 333 2421 rex
355 2363 504 2439 Apollinis
527 2362 603 2419 filius
626 2363 721 2420 fuisse
742 2371 889 2424 narratur.
922 2380 1026 2421 nonne
1048 2365 1099 2438 qui
1121 2366 1167 2423 vel
1190 2365 1287 2422 levem
1309 2382 1379 2422 cum

281 2466 469 2524 Graecorum
508 2465 618 2542 mythis
653 2468 837 2524 contraxerit
872 2469 1128 2525 consuetudinem
1170 2470 1249 2526 inter
1284 2469 1378 2543 Apol-

280 2568 372 2625 linem
405 2575 524 2643 patrem
552 2568 700 2644 Zeuxippi
736 2577 768 2626 et
793 2569 965 2644 Apollinem
995 2569 1186 2645 Zeuxippum
1215 2570 1262 2626 vix
1290 2570 1378 2644 quid·

281 2686 374 2744 quam
403 2671 551 2728 interesse
580 2666 751 2727 concedet?
787 2671 890 2744 itaque
925 2670 1031 2727 nescio
1058 2687 1098 2726 an
1122 2670 1188 2727 iure
1223 2673 1306 2745 apud
1335 2670 1379 2728 Si·

282 2773 407 2848 cyonios
422 2781 454 2830 et
469 2772 609 2830 finitimas
627 2772 832 2847 Peloponnesi
852 2780 962 2846 gentes
980 2771 1129 2846 Zeuxippi
1143 2772 1267 2828 nomine
1284 2771 1379 2846 Apol·

280 2874 372 2932 linem
401 2876 563 2932 adoratum
598 2891 667 2932 esse
704 2881 882 2932 statuamus
916 2872 1223 2947 apeloponnesiacis
1244 2871 1380 2946 Byzantii

282 2976 398 3033 colonis
431 2974 511 3032 hanc
545 2975 600 3032 lori
634 2974 916 3032 denominationem
948 2974 1150 3048 repetendam
1184 2989 1254 3028 esse
1286 2973 1380 3030 etiam

281 3075 404 3132 loannis
431 3071 513 3150 Lydi
541 3076 718 3132 testimonio
753 3075 954 3142 confirmatur,
988 3069 1072 3148 qui²)
1105 3067 1169 3132 ἀπὸ
1196 3067 1379 3133 Ζευξίππου

282 3173 441 3254 βασιλέως
464 3195 577 3234 nomen
601 3176 705 3232 'balnei
721 3176 815 3250 ducit,
838 3170 893 3250 ὑφ’
910 3171 936 3254 ᾧ
953 3157 1011 3235 aa
1025 3175 1083 3249 τῆς
1106 3174 1156 3249 λη’
1180 3169 1378 3247 ὀλυμπιάδος

282 3274 443 3353 Μεγαρεῖς
466 3273 512 3352 εἰς
535 3272 709 3339 Βυζάντιον
733 3272 969 3351 άποικήσαντες
984 3273 1066 3351 πρὸς
1084 3273 1175 3350 τιμὴν
1199 3271 1299 3336 αὐτοῦ
1320 3271 1379 3348 τὴν

282 3375 406 3456 ἀγορὰν
439 3375 546 3453 οὕτως
579 3375 806 3454 ἐπωνόμασαν.
843 3380 884 3435 ad
917 3379 997 3436 hunc
1032 3380 1132 3453 ipsum
1163 3396 1277 3452 regem,
1312 3395 1380 3436 cum

281 3497 433 3555 nusquam
453 3489 612 3554 praeterea
633 3487 898 3548 commemoretur,
913 3495 1101 3536 recurramus
1116 3494 1180 3535 non
1195 3477 1274 3536 lieet.
1299 3495 1380 3552 quae

282 3599 351 3640 cum
373 3581 417 3639 ita
438 3580 499 3638 sint
520 3579 678 3654 probabile
702 3579 774 3637 mihi
803 3580 923 3636 videtur
951 3579 1078 3636 colonos
1100 3577 1300 3652 Megarenses
1320 3578 1377 3654 By·
1409 3621 1412 3626 -

386 3848 411 3917 1)
429 3851 465 3909 Π,
479 3849 504 3908 6,
516 3860 540 3912 7.
560 3848 593 3898 ci.
613 3862 681 3920 quae
700 3825 880 3912 Hieronymus
905 3861 936 3894 ex
960 3844 1079 3894 Eusebio
1108 3843 1142 3892 ad
1161 3857 1220 3893 ann.
1239 3841 1308 3892 Abr.
1328 3841 1380 3906 854

283 3939 391 3988 adnotat
413 3937 534 3988 Schoene
553 3934 580 3987 Π
599 3952 625 4001 p.
636 3946 683 4000 55:
704 3934 823 4000 ‘quidam
849 3934 882 3983 ad
905 3933 984 3983 huius
1009 3931 1146 4000 (Zeuxippi
1165 3931 1235 3994 regis
1254 3929 1382 3996 Sicyonii)

283 4028 436 4078 memoriam
467 4025 673 4075 conservandam
700 4023 810 4073 balneas
840 4023 1045 4089 Byzantinorum
1071 4021 1156 4071 multo
1183 4026 1246 4086 post
1263 4025 1382 4085 tempore

284 4116 431 4184 appellatas
450 4113 562 4182 putant’.

384 4203 410 4272 2)
429 4205 463 4255 de
481 4204 598 4267 magistr.
617 4219 679 4269 pop.
698 4203 780 4254 Rom.
798 4201 848 4260 111,
860 4213 893 4266 70
911 4217 937 4267 p.
949 4203 1009 4266 265.
