3122 4904
714 267 748 319 27

183 430 383 506 anapaestico
416 429 625 488 choriambum
655 429 781 504 explens
816 429 1004 486 antecedere
1030 429 1187 486 adsolent:
1221 428 1285 487 duo

185 539 258 590 vero
280 533 494 606 monosyllaba
517 549 622 589 versus
645 531 812 590 clausulam
834 530 955 588 efficere
976 539 1135 604 nequeunt
1143 525 1176 607 ¹).

284 631 474 690 Trochaicae
506 649 659 690 caesurae
690 632 865 708 frequentes
888 632 1012 689 suntin
1033 631 1165 707 pedibus
1187 630 1210 691 I.
1232 630 1285 689 III.

141 803 145 814 .
191 731 240 802 V.,
270 733 302 790 in
332 733 429 809 primo
461 733 544 808 pede
577 731 763 792 trochaicam
795 749 954 790 caesuram
981 730 1134 790 aNonno
1161 732 1287 790 vitatam

187 851 257 892 esse
279 833 491 892 Volkmannus
501 827 526 912 ²)
555 834 724 902 contendit,
755 834 781 891 si
806 842 928 892 sextum
961 850 1083 909 quoque
1118 832 1287 892 hexametri

190 937 291 994 locum
312 935 476 994 trochaeus
498 935 647 994 obtineat.
687 936 736 992 cui
758 935 819 1010 legi
839 953 908 994 curn
933 943 965 992 et
987 953 1026 992 ex
1042 950 1078 1010 71
1098 933 1287 994 Christodori

191 1035 337 1105 versibus,
360 1037 412 1111 qui
433 1055 453 1095 a
471 1035 622 1094 vocabulo
646 1037 803 1094 trochaico
818 1037 976 1112 incipiunt,
999 1035 1017 1093 8
1038 1037 1165 1094 obstent
1184 1051 1287 1110 neque

187 1155 268 1214 quae
289 1138 367 1195 ratio
390 1138 468 1194 inter
491 1137 673 1195 trochaeum
686 1138 816 1212 primurn
836 1145 868 1194 et
887 1147 1006 1194 sextum
1027 1137 1209 1205 intercedat,
1231 1137 1287 1194 de·

187 1239 264 1296 finiri
285 1238 393 1314 possit,
415 1238 489 1296 illud
510 1239 584 1295 inde
600 1241 686 1313 quod
709 1238 871 1296 trochaeus
892 1239 1016 1296 omnino
1032 1239 1062 1295 in
1077 1256 1183 1296 versus
1205 1237 1287 1296 clau·

186 1339 253 1398 sula
284 1358 375 1416 quam
411 1341 543 1400 maxime
576 1343 689 1399 vitatus
723 1351 772 1400 est
805 1344 1008 1417 repetendum
1043 1340 1204 1398 existumo.
1246 1357 1287 1396 ne

187 1440 282 1498 altera
315 1441 440 1516 quidem
463 1441 648 1501 Volkmanni
683 1443 859 1500 observatio
895 1443 967 1500 novi
1000 1442 1169 1518 quidquam
1201 1440 1288 1498 affert

156 1617 160 1621 ἱ
187 1541 319 1600 dicentis
341 1542 496 1600 trochaica
519 1545 608 1619 pedis
631 1545 755 1603 alterius
785 1561 912 1601 caesura
924 1542 1068 1601 Nonnum
1091 1542 1287 1608 abstinuisse,
1317 1528 1321 1537 ¹

187 1641 246 1699 nisi
269 1643 394 1718 dactylo
416 1644 446 1700 in
467 1644 565 1718 primo
591 1645 673 1718 pede
695 1645 904 1720 praecedente
934 1640 1033 1719 (apud
1056 1641 1288 1714 Christodorum

187 1751 258 1817 post
281 1745 436 1818 dactylum
458 1762 527 1802 earn
550 1746 651 1805 inveni
666 1747 697 1802 in
720 1744 759 1818 38
776 1740 844 1820 (26)
860 1746 1007 1814 versibuS,
1028 1753 1100 1820 post
1115 1745 1288 1819 spondeum

188 1843 221 1898 in
244 1856 282 1914 25
304 1838 352 1922 (8)
375 1840 539 1918 versibus):
570 1845 711 1902 nimirum
739 1846 908 1920 spondeus,
931 1863 1000 1902 curn
1023 1844 1054 1901 in
1077 1843 1219 1902 omnibus
1234 1861 1288 1919 pe·

190 1941 290 2013 dibus,
314 1951 378 2002 turn
400 1945 431 2002 in
452 1945 550 2021 primo
570 1946 667 2003 multo
688 1947 783 2004 rarius
806 1946 928 2021 dactylo
955 1945 1107 2003 admissus
1135 1953 1191 2002 est.
1227 1953 1288 2001 tro·

189 2045 296 2103 chaica
312 2046 401 2122 pedis
417 2047 517 2121 quarti
528 2047 685 2104 incisione
709 2049 747 2106 ab
768 2048 904 2105 Homero
926 2063 995 2104 raro
1012 2055 1132 2105 tanturn
1151 2045 1288 2104 adhibita

187 2146 278 2222 plane
298 2147 510 2205 abstinuerunt
532 2148 562 2206 hi
583 2157 697 2224 poetae
706 2143 741 2222 3).

287 2247 429 2324 Denique
451 2249 595 2317 monebo,
624 2250 709 2324 quod
731 2250 761 2307 in
788 2250 880 2308 tantis
910 2251 1043 2308 artificiis
1076 2250 1180 2326 poesis
1211 2266 1286 2308 sane

187 2358 296 2407 notatu
319 2351 447 2424 dignum
468 2350 598 2418 videtur,
622 2348 856 2408 Christodorum
871 2351 1050 2427 saepissime
1073 2354 1205 2409 eandem
1221 2367 1287 2422 ver·

188 2467 240 2508 sus
263 2458 446 2508 structuram
468 2468 523 2526 per
545 2451 634 2509 binos
657 2461 711 2509 aut
743 2461 846 2510 ternos
873 2469 979 2510 versus
1012 2452 1224 2520 continuasse3
1258 2459 1289 2508 et

187 2553 300 2610 eadem
321 2551 490 2610 hexametri
521 2551 618 2610 forma
642 2562 675 2610 et
701 2554 820 2611 eisdem
851 2553 985 2612 caesuris
1018 2553 1050 2609 in
1074 2553 1121 2610 his
1151 2552 1288 2610 versibus
1373 2549 1374 2552 ’

161 2701 164 2706 .
189 2653 341 2714 continuis
357 2670 430 2711 usus
453 2662 517 2713 est:
541 2668 632 2730 5—7,
660 2669 707 2714 10.
736 2671 782 2724 11,
799 2654 848 2729 38.
871 2672 921 2730 39,
945 2669 993 2730 51.
1018 2669 1068 2729 52,
1091 2671 1141 2730 94.
1164 2669 1202 2730 95
1237 2669 1288 2729 99.

193 2768 260 2822 100,
288 2769 354 2828 139·
382 2770 449 2826 140,
477 2755 543 2828 165.
571 2753 638 2824 166,
666 2770 733 2831 197.
761 2755 828 2829 198,
853 2772 923 2831 2¹9·
940 2771 1010 2825 220,
1034 2755 1103 2831 367.
1120 2755 1182 2828 368
1217 2771 1287 2830 39].

188 2869 259 2929 392,
284 2853 354 2928 398.
378 2869 438 2929 399
448 2850 481 2932 4).
519 2855 700 2914 alterutrum
733 2857 765 2913 in
792 2856 930 2914 versibus
961 2857 1112 2914 continuis
1146 2855 1288 2932 quotiens

189 2962 346 3029 repetatur
366 2973 547 3014 enumerare
562 2957 687 3032 longum
711 2965 767 3017 est.
801 2958 913 3015 eadem
935 2959 1078 3016 socordia
1097 2959 1128 3015 in
1150 2958 1289 3016 dictione

190 3072 314 3130 quoque
337 3053 572 3115 Christodorum
595 3057 689 3115 fuisse
709 3057 787 3115 infra
808 3075 970 3133 exponam.

290 3149 316 3228 ξ.
341 3169 385 3214 2.,
406 3155 452 3212 Ex
475 3171 514 3230 32
539 3156 744 3216 hexametri
769 3158 895 3216 formis
909 3156 1046 3216 Homero
1059 3157 1177 3230 usitatis
1190 3173 1208 3232 9
1223 3166 1289 3216 tan·

189 3262 296 3312 tuma
318 3253 487 3316 Nonnianis
509 3258 688 3335 plerumque
711 3267 904 3334 usurpantur,
928 3277 1005 3334 quas
1027 3277 1066 3316 ex
1086 3258 1288 3318 Christodoro

188 3372 251 3430 pro·
268 3355 440 3432 frequentia
460 3360 668 3435 exemplorum
696 3361 863 3436 dispositas
883 3377 912 3435 p.
939 3375 977 3435 23
1000 3358 1189 3436 exscripsi⁶).
1226 3361 1289 3418 exi·

192 3488 392 3498 ———-—-..

294 3559 321 3624 1)'
339 3559 494 3610 Volkmann
510 3560 576 3612 ibid.
662 3567 664 3582 '

289 3643 316 3713 2)
336 3647 355 3698 l.
374 3647 393 3697 l.
411 3664 437 3712 p.
461 3659 502 3700 ro.

291 3732 317 3802 3)
337 3736 370 3787 cf.
389 3737 525 3788 Hermann
542 3738 561 3789 l.
581 3737 599 3789 l.
618 3754 645 3804 p.
658 3737 718 3800 692.
742 3736 816 3786 solus
835 3737 998 3788 Claudianus
1023 3736 1106 3786 semel
1131 3736 1201 3786 hanc
1219 3735 1290 3786 diae·

188 3822 263 3872 resin
281 3823 397 3875 admisit.
416 3824 450 3876 ci.
469 3827 540 3877 Mus.
559 3826 651 3877 Rhen.
670 3825 811 3884 XXXVI,
830 3826 891 3889 306.

291 3913 317 3975 4)
336 3913 450 3963 Nonnus
469 3913 498 3964 in
515 3915 629 3979 Dionys.
647 3915 669 3974 1,
692 3913 795 3977 l-416
814 3913 882 3964 tales
900 3913 1073 3980 repetitiones
1093 3913 1200 3962 admisit
1220 3924 1261 3975 14.

292 3997 318 4068 5)
338 4002 529 4052 animadvertas
546 4018 625 4068 quam
644 4008 764 4052 accurate
782 4002 925 4068 formarum
944 4003 972 4052 in
989 4001 1039 4052 hac
1057 4001 1158 4051 tabella
1177 4000 1243 4050 ordo
1262 4001 1287 4050 ei

189 4086 278 4137 ordini
310 4089 481 4155 respoudeat,
508 4105 587 4156 quem
612 4090 743 4144 Ludwich
760 4089 779 4141 l.
799 4089 818 4140 l.
837 4106 862 4156 p.
882 4089 916 4155 48
945 4105 977 4140 ex
1006 4089 1098 4140 Nonni
1126 4088 1287 4142 carminibus

190 4177 336 4230 constitnit.
