3122 4904
804 261 838 326 38

275 429 504 509 hincapparet,
538 455 679 512 perverse
702 438 931 498 ScheindIerum
943 435 966 515 ¹)
999 439 1126 498 vitatam
1148 440 1178 497 iu
1200 439 1253 498 his¹
1269 456 1373 499 versus

275 535 401 591 sedibus
422 538 700 614 monosyllaborum
721 539 957 614 productionem
972 559 1010 598 ex
1032 541 1215 616 syllabarum
1237 542 1376 617 pondere

274 634 305 691 in
327 636 391 694 aliis
413 638 545 711 pedibus
568 639 628 698 alio
651 637 838 699 deduxisse?

371 761 407 822 H.
440 759 481 820 in
503 764 703 840 bisyilabis
1295 845 1296 848 Ἴ

275 861 355 919 inter
377 881 469 922 voces
492 864 608 923 formae
633 865 783 924 iambicae
811 877 843 926 et
870 868 1059 943 spondiacae
1087 869 1298 928 discernamus
1321 887 1377 928 ne·

276 980 364 1021 cesse
387 974 448 1023 est:
892 1037 894 1044 y

379 1061 409 1138 1)
431 1068 462 1124 in
484 1069 641 1128 vocabulis
670 1070 840 1130 iambicis
867 1071 914 1128 vel
942 1071 1045 1146 potius
1070 1072 1296 1148 pyrrhichiis
1319 1072 1378 1150 syl·

278 1167 347 1226 laba
370 1168 466 1227 finalis

431 1271 463 1346 a)
486 1272 512 1330 si
530 1273 635 1331 brevi
657 1274 783 1332 vocali
803 1274 940 1344 efficitur,

277 1371 358 1428 arsin
373 1373 461 1447 pedis
736 1374 773 1434 Η.
848 1375 901 1432 111.
974 1373 1027 1432 IV.
1103 1375 1142 1436 V.
1228 1374 1280 1435 VI.

278 1473 362 1546 apud
385 1471 619 1533 Christodorum
640 1475 672 1532 in
748 1492 768 1548 4
855 1507 895 1516 —
984 1491 1018 1549 ¹3
1106 1507 1147 1518 —
1233 1508 1273 1518 -

277 1574 361 1647 apud
384 1572 528 1632 Nonnum
550 1575 581 1633 in
751 1593 769 1651 3
859 1607 894 1617 -
986 1593 1021 1651 13
1106 1606 1147 1619 —-
1236 1608 1270 1618 -

278 1675 414 1732 versibus
438 1682 533 1734 tenet.
568 1684 690 1752 praeter
711 1678 960 1736 coniunctionem
981 1672 1028 1740 ἔτι
1049 1678 1153 1736 omnia
1181 1679 1272 1735 verba
1295 1695 1377 1752 quae

278 1776 322 1832 sic
344 1775 528 1834 adhibentur
548 1779 793 1853 praepositiones
816 1787 888 1836 sunt
908 1773 998 1855 (ἀπό,
1022 1775 1081 1854 ἐπί,
1103 1775 1160 1854 ἐνί,
1183 1774 1273 1848 κατά,
1295 1774 1377 1854 περί,

214 1859 216 1864 ’
277 1870 355 1952 ὑπό)
364 1873 399 1950 ²),
422 1893 593 1951 quaecum
615 1879 740 1935 vocibus
763 1879 963 1953 sequentibus
985 1879 1016 1936 in
1038 1896 1132 1937 unum
1155 1879 1343 1938 coalescunt.

427 1975 459 2053 b)
482 1978 560 2036 siin
582 1995 614 2039 αι
636 1979 683 2035 vel
706 1996 737 2039 οι
759 1981 831 2049 exit,
898 1973 901 1979 ’

279 2078 310 2134 in
333 2078 393 2136 arsi
414 2079 503 2152 pedis
543 2145 586 2154 ,Ι
737 2080 775 2141 11.
860 2079 914 2138 ΙΙΙ.
993 2079 1046 2138 Ν.
1125 2080 1162 2142 V.
1249 2080 1300 2141 VI.

279 2179 363 2254 apud
384 2177 618 2238 Christodorum
641 2180 673 2238 in
736 2213 777 2222 -
862 2170 938 2262 [1]³)
1002 2212 1043 2222 —
1131 2211 1167 2223 -··
1254 2211 1295 2224 -

279 2282 364 2355 apud
385 2278 529 2338 Nonnum
550 2283 582 2337 in
750 2297 766 2339 2
864 2313 903 2322 —
1004 2313 1039 2322 —
1130 2314 1166 2323 —
1256 2313 1293 2326 -

279 2381 415 2438 versibus
438 2390 547 2442 exstat.

429 2479 458 2558 c)
481 2483 507 2540 si
530 2483 650 2542 brevis
673 2493 721 2542 est
743 2493 774 2541 et
795 2485 1022 2544 consonanti
1044 2486 1225 2544 terminatur

279 2585 360 2642 arsin
380 2585 469 2658 pedis
726 2586 764 2646 11.
842 2585 895 2647 111.
975 2586 1029 2645 IV.
1108 2586 1146 2646 V.
1226 2585 1276 2646 VI.

267 2687 363 2762 -apud
386 2684 619 2747 Christodorum
642 2687 673 2744 in
737 2703 755 2761 5
858 2717 894 2728 -
982 2704 1017 2747 21
1107 2719 1145 2729 -
1233 2719 1272 2730 -

280 2788 365 2862 apud
385 2787 530 2846 Nonnum
551 2789 582 2845 in
734 2803 769 2862 15
856 2819 895 2829 -
984 2805 1021 2847 22
1075 2804 1149 2830 ·-
1235 2819 1273 2831 -

280 2888 415 2945 versibus
437 2887 538 2945 efficit.

429 2986 463 3062 d)
489 2989 514 3046 si
537 2989 652 3065 longa
675 3000 731 3058 est,
766 3063 769 3070 .

280 3089 362 3147 arsin
383 3099 516 3166 occupat
537 3091 626 3166 pedis
736 3090 773 3150 Π.
857 3091 909 3151 111.
982 3090 1036 3151 IV.
1114 3090 1152 3152 V.
1239 3089 1290 3150 VI.

280 3192 366 3266 apud
387 3189 621 3251 Christodorum
641 3192 672 3249 in
738 3208 775 3266 23
865 3207 898 3250 11
988 3191 1029 3265 56
1114 3223 1154 3233 —
1239 3221 1281 3233 -

281 3293 366 3367 apud
388 3291 532 3350 Nonnum
554 3294 586 3350 in
739 3293 778 3351 26
872 3310 893 3365 4
988 3293 1028 3350 66
1116 3324 1153 3334 -
1239 3323 1280 3333 —

283 3394 427 3454 versibus.
465 3402 592 3469 apparet
614 3412 652 3451 ex
674 3394 806 3470 pedibus
828 3394 851 3454 I.
874 3393 910 3455 V.
933 3393 976 3452 VI
992 3394 1116 3453 omnino
1139 3394 1229 3452 huius
1261 3392 1382 3452 formae

282 3494 431 3554 vocabula
453 3496 577 3554 exclusa
601 3493 736 3572 fuisse4).
764 3497 796 3553 in
817 3497 908 3554 tertia
930 3505 1033 3554 autem
1056 3495 1115 3554 arsi
1138 3495 1253 3570 syllaba
1270 3494 1381 3566 finalis,

385 3746 407 3808 1)
427 3746 488 3796 loco
508 3761 534 3812 p.
546 3746 579 3808 36
598 3745 658 3797 adn.
678 3759 702 3810 3.
721 3746 846 3798 indicato.

380 3835 406 3900 2)
427 3835 496 3900 apud
514 3836 640 3886 Nonnum
657 3842 795 3901 praeterea
813 3834 891 3901 μετά,
910 3834 994 3902 παρά,
1012 3835 1060 3889 ἵνα
1073 3842 1099 3886 et
1111 3835 1163 3902 ὅτι,
1183 3834 1266 3886 semel
1284 3849 1310 3886 v.
1321 3844 1376 3899 359

282 3924 475 3974 substantivum
494 3924 577 3976 πόδα.
818 3929 820 3936 ’

381 4009 409 4078 3)
428 4028 452 4063 v.
471 4023 531 4072 202,
551 4011 598 4060 ubi
617 4011 724 4062 codices
742 4011 800 4077 Ιἔχει
819 4010 954 4071 exhibent,
971 4012 1112 4063 Iacobsius
1130 4010 1190 4078 ἔχοι
1209 4010 1380 4062 scribendum

283 4101 436 4152 existumat:
456 4099 580 4164 equidem
598 4097 690 4149 Bothii
708 4099 852 4150 lectionem
870 4099 920 4168 ἔχῃ
939 4101 1070 4167 praefero.

381 4185 410 4259 4)
429 4188 462 4240 ci.
483 4203 563 4256 supra
580 4203 605 4255 p.
626 4187 668 4240 26.

1518 4022 1538 4060 k
