3122 4904
732 279 764 332 59

198 442 322 500 ditionis
345 443 506 500 cuiusdam
529 449 560 511 et
582 442 671 500 bonis
693 442 799 500 litteris'
821 442 926 500 nutriti
954 440 1102 499 sermonis,
1124 441 1247 498 laudem
1268 439 1297 498 ei

197 560 260 600 non
282 543 507 618 abrogabimus.

298 641 323 719 fi.
346 661 375 717 4.
410 647 453 703 At
475 662 538 703 non
561 647 659 704 solum
686 663 724 703 ex
757 663 820 702 uno
846 641 1010 720 exemplari
1044 661 1167 702 omnem
1199 652 1296 702 artem

198 763 285 804 suam
297 747 434 803 derivare
446 747 553 811 noluit,
569 749 626 804 sod
641 747 734 805 etiam
755 764 853 803 nova
876 746 1021 822 lingere
1043 754 1076 803 et
1096 745 1297 821 graecitatem

197 864 261 904 non
283 849 389 922 paucis
405 847 561 906 vocabulis
576 865 690 922 augere
708 865 800 904 ausus
823 856 880 905 est.
905 849 945 905 ad
964 865 1003 905 ea
1023 847 1084 904 iam
1098 847 1295 904 accedamus.

297 966 325 1007 v.
352 962 387 1022 15
424 942 477 1008 οῐα
511 945 878 1024 πολυτροχάλοισιν
917 942 1083 1008 ἀεθλεύων
1124 941 1296 1026 ἀγορῇσινε

198 1050 344 1107 usitatum
377 1057 425 1107 est
457 1049 503 1106 his
535 1049 636 1125 poetis
669 1050 853 1109 vocabulum
887 1045 1085 1124 εύτρόχαλος
1118 1041 1171 1126 (cf.
1195 1047 1296 1108 Noun.
1347 1036 1350 1044 ¹

198 1149 278 1218 XLI,
300 1165 372 1222 34²·
396 1149 479 1210 Paul,
502 1149 553 1211 Sil.
589 1147 621 1220 Β,
650 1166 716 1210 120.
747 1151 791 1210 Io.
815 1150 890 1210 Gan.
917 1147 952 1218 Α,
977 1165 1046 1224 ²09·
1069 1149 1182 1226 Agath.
1203 1148 1296 1208 Anth.

199 1249 281 1317 XVI,
298 1247 352 1326 36)
376 1251 460 1325 quod
480 1269 536 1326 per
556 1260 686 1310 metrum
704 1251 810 1308 liceret
832 1251 881 1309 hic
895 1251 1012 1308 restitui
1028 1244 1095 1326 (οἷα
1110 1267 1171 1328 περ
1187 1246 1297 1326 εὐτρο-

198 1347 359 1428 χύλοισιν)
392 1353 450 1410 nisi
478 1369 588 1409 sensus
617 1352 763 1412 obstaret.
797 1361 830 1410 ut
851 1351 981 1409 Nonnus
1002 1351 1098 1410 multa
1122 1369 1192 1410 cum
1213 1351 1297 1414 πολυ

198 1453 416 1528 componendo
437 1450 604 1528 novavit¹),
635 1454 680 1511 sic
703 1452 921 1510 Christodorus
952 1452 1012 1511 hoc
1034 1454 1219 1511 adjectivum
1241 1471 1297 1511 suo

197 1553 332 1628 periculo
363 1553 486 1610 finxisse
520 1554 653 1611 videtur:
687 1554 753 1610 sine
787 1554 882 1610 dubio
905 1554 936 1610 iu
958 1553 1073 1611 deliciis
1106 1553 1212 1611 habuit
1237 1553 1299 1612 hoc

197 1654 358 1712 verborum
389 1671 488 1728 genus
523 1650 575 1728 (cl.
607 1649 799 1728 πολύζηλος.
833 1649 1065 1730 πολύθρεπτος.
1103 1650 1297 1729 πολυίδμιιιν.

197 1752 371 1830 πολυίδρις.
385 1751 570 1829 πολύμητις.
585 1751 800 1829 πολύπλοκος.
812 1751 1027 1830 πολύστονος.
1042 1751 1296 1830 πολύστρεπτος.

197 1853 420 1932 πολυτλήμων.
442 1853 630 1932 πολύφρων.
663 1851 903 1933 πολύχρυσος.)
928 1889 968 1898 -
990 1877 1017 1916 v.
1041 1856 1080 1914 28
1103 1851 1297 1932 Ἠμαθιεῑς

200 1959 269 2016 alibi
305 1975 369 2014 non
406 1957 529 2032 legitur;
565 1959 688 2033 saepius
723 1952 875 2034 Ἠμαθίη,
919 1960 1003 2016 unde
1037 1959 1207 2016 derivatum
1239 1967 1296 2018 est.

199 2090 239 2100 -
261 2077 286 2115 v.
310 2073 351 2132 34
381 2053 459 2133 ἔργα
492 2054 728 2134 σαοφροσύνης
761 2055 1023 2134 διανεύμενος
1056 2060 1181 2116 aliunde
1211 2060 1298 2135 igno·

203 2168 268 2217 tum
289 2159 413 2217 verbum
434 2159 539 2218 fictum
565 2169 598 2218 ut
628 2156 852 2235 διερχόμενοςῐ
882 2157 995 2236 νέομαι
1016 2179 1237 2236 nonnunquam
1259 2161 1299 2218 si·

197 2262 259 2319 mili
279 2279 371 2318 sensu
394 2262 467 2318 inde
488 2262 526 2320 ab
549 2262 687 2319 Homero
710 2271 883 2337 usurpatur.
907 2293 945 2303 -
969 2281 995 2322 v.
1015 2262 1054 2336 58
1077 2258 1194 2337 τεύχεα
1216 2281 1297 2321 πονο

198 2363 351 2420 adiectivo
384 2359 641 2441 xclrrievwi)
677 2363 833 2432 dicuntur;
867 2364 915 2420 vix
946 2363 1019 2421 mihi
1048 2365 1223 2439 persuadeo
1256 2364 1298 2421 ad

197 2481 261 2521 rem
294 2464 480 2522 tritissimam
511 2463 743 2538 significandam
775 2464 958 2522 vocabulum
980 2483 999 2522 a
1021 2463 1222 2522 Christodoro
1244 2466 1300 2523 ad·

197 2563 325 2621 bibitum
348 2582 426 2633 esse,
461 2565 532 2639 quin
562 2565 645 2622 idem
667 2566 727 2622 iam
751 2565 821 2623 alibi
844 2573 972 2625 extaret.
1007 2567 1229 2624 conserendum
1251 2575 1299 2625 est

197 2661 394 2740 χρυσήειςύ),
428 2667 513 2740 quod
535 2666 649 2741 pariter
673 2665 834 2724 formatum
855 2667 928 2724 item
950 2667 1046 2725 semel
1071 2667 1156 2728 bisve
1178 2676 1299 2725 tantum

197 2767 334 2825 traditur.
359 2797 397 2808 --
421 2785 467 2827 vv.
492 2781 539 2842 7²·
564 2766 623 2842 382
645 2767 756 2842 Apollo
779 2776 906 2825 vocatur
927 2764 1224 2844 τριποδηλάλος
1245 2787 1299 2826 vo·

197 2867 307 2924 cabulo
329 2866 462 2924 infacete
484 2869 625 2942 invent03
643 2869 687 2927 cs.
702 2867 825 2927 Anthol.
849 2868 902 2937 IX,
916 2883 987 2942 525,
1004 2867 1033 2938 ύ,
1053 2870 1105 2927 ubi
1120 2871 1203 2928 idem
1220 2871 1299 2928 deus

197 2962 336 3041 εύλαλος
347 2967 525 3042 appellatur.
540 2997 576 3009 -—
592 2988 618 3028 v.
636 2968 692 3041 146
708 2963 843 3044 ἀγλαΐης
855 2965 1014 3030 πνείουσα
1029 2967 1119 3046 σοφὴ
1134 2967 1298 3046 περιλεί-

204 3069 317 3144 βεται
331 3063 432 3142 αἰδώς
446 3086 560 3127 πονιιπι
575 3070 657 3127 verbi
673 3066 789 3146 λείβειν
806 3072 1011 3145 compositum
1024 3070 1108 3128 haud
1122 3072 1228 3147 inepte
1244 3073 1300 3129 de·

196 3170 334 3228 rivatum
351 3168 389 3228 cf.
403 3167 498 3244 Orph.
512 3169 592 3228 thh.
605 3169 681 3244 528:
697 3167 874 3246 θέλγητρον
890 3166 990 3232 ἰδόντι
1009 3168 1014 3245 Ι
1033 3167 1103 3232 αἰὲν
1119 3168 1171 3232 ἐπὶ
1185 3167 1298 3246 πραπί-

201 3272 261 3344 δας
276 3266 496 3346 καταλείβεται
511 3278 543 3326 et
554 3271 709 3348 ecphrasis
724 3289 844 3330 versum
857 3272 911 3348 78:
936 3269 1038 3349 ἔλειβε
1051 3267 1186 3347 ἀγλαΐης
1202 3268 1300 3348 ῥαθά-

196 3388 310 3447 μιγῐας
322 3370 439 3452 χαλκῷ.
457 3401 494 3412 -
508 3390 535 3430 v.
552 3386 607 3446 157
622 3367 721 3448 φιάλη
741 3374 852 3432 dicitur
875 3370 1109 3451 ἐπιλοίβιοςε
1132 3374 1299 3432 substanti·

153 3501 158 3515 ·
196 3490 267 3529 vum
280 3467 423 3548 ἑπιλοιβή
437 3489 475 3529 ex
487 3471 582 3548 Orph.
595 3475 667 3548 Arg.
680 3488 751 3549 547.
764 3473 865 3549 hymn.
879 3474 929 3544 66,
946 3491 983 3534 10
994 3484 1102 3533 notum
1113 3485 1170 3536 est.
1190 3475 1298 3533 similia

197 3590 277 3649 quae
299 3571 428 3630 Nonnus
451 3573 585 3642 novavit,
614 3569 844 3653 Ludwichius¹)
865 3574 974 3633 adfert.
1002 3605 1035 3616 -
1061 3595 1089 3635 ν.
1114 3575 1174 3634 226
1196 3593 1299 3647 γιιιο·

208 3731 403 3742 ———

297 3834 320 3896 1)
339 3835 373 3885 cf.
393 3833 531 3886 Ludwich.
550 3835 569 3886 l.
588 3833 608 3886 l.
628 3849 654 3900 p.
673 3846 731 3886 101.

299 3919 328 3987 2)
345 3929 476 3988 proponat
494 3921 590 3990 aliquis
609 3923 636 3972 in
656 3922 846 3988 χαλκευθέντα
865 3922 917 3972 hoc
935 3923 1090 3972 mutandum
1111 3938 1179 3973 esse.

300 4008 328 4077 3)
348 4012 418 4076 apud
447 4012 559 4062 eundem
579 4012 781 4063 Chrislodorum
808 4012 923 4076 legimus
947 4029 972 4062 ν.
987 4022 1036 4076 295
1056 4009 1187 4077 τολμήεις
1206 4012 1251 4078 (cf.
1271 4011 1299 4073 Κ,

198 4105 259 4162 2ος,
277 4113 303 4164 ρ,
323 4099 387 4166 284)
407 4107 434 4150 et
451 4115 476 4153 ν.
490 4112 542 4165 294
561 4099 688 4168 τεχνήεις
707 4101 752 4170 (ct.
773 4103 800 4170 θ,
814 4101 886 4170 297.)
906 4101 1118 4154 vocabule'item
1138 4101 1282 4157 rarissima.

297 4185 326 4255 4)
344 4187 364 4241 l.
382 4190 401 4242 l.
419 4206 446 4258 p.
463 4201 521 4244 roo.
