<?xml version="1.0" encoding="UTF-8"?>
<!DOCTYPE html PUBLIC "-//W3C//DTD XHTML 1.0 Transitional//EN"
    "http://www.w3.org/TR/xhtml1/DTD/xhtml1-transitional.dtd">
<html xmlns="http://www.w3.org/1999/xhtml" xml:lang="en" lang="en">
 <head>
  <title>
</title>
<meta http-equiv="Content-Type" content="text/html;charset=utf-8" />
  <meta name='ocr-system' content='tesseract 3.04.00' />
  <meta name='ocr-capabilities' content='ocr_page ocr_carea ocr_par ocr_line ocrx_word'/>
</head>
<body>
  <div class='ocr_page' id='page_1' title='image "./dechristodoropo00baumgoog_0029.png"; bbox 0 0 3122 4904; ppageno 0'>
   <div class='ocr_carea' id='block_1_1' title="bbox 817 247 851 297">
    <p class='ocr_par' dir='ltr' id='par_1_1' title="bbox 817 247 851 297">
     <span class='ocr_line' id='line_1_1' title="bbox 817 247 851 297; baseline 0.029 -1"><span class='ocrx_word' id='word_1_1' title='bbox 817 247 851 297; x_wconf 81' lang='lat'><strong>26</strong></span> 
     </span>
    </p>
   </div>
   <div class='ocr_carea' id='block_1_2' title="bbox 284 419 1390 3732">
    <p class='ocr_par' dir='ltr' id='par_1_2' title="bbox 287 419 1385 1409">
     <span class='ocr_line' id='line_1_2' title="bbox 389 419 1385 498; baseline 0.003 -20"><span class='ocrx_word' id='word_1_2' title='bbox 389 419 436 478; x_wconf 84' lang='lat' dir='ltr'><strong>Ex</strong></span> <span class='ocrx_word' id='word_1_3' title='bbox 451 421 572 496; x_wconf 90' lang='lat' dir='ltr'><strong>reliquis</strong></span> <span class='ocrx_word' id='word_1_4' title='bbox 586 421 746 496; x_wconf 84' lang='lat' dir='ltr'><strong>dactylicis</strong></span> <span class='ocrx_word' id='word_1_5' title='bbox 766 422 954 483; x_wconf 87' lang='lat' dir='ltr'><strong>diaeresibus</strong></span> <span class='ocrx_word' id='word_1_6' title='bbox 970 431 1091 498; x_wconf 89' lang='lat' dir='ltr'><strong>praeter</strong></span> <span class='ocrx_word' id='word_1_7' title='bbox 1105 423 1276 482; x_wconf 91' lang='lat' dir='ltr'><strong>bucolicam</strong></span> <span class='ocrx_word' id='word_1_8' title='bbox 1292 421 1385 482; x_wconf 88' lang='lat' dir='ltr'><strong>usita-</strong></span> 
     </span>
     <span class='ocr_line' id='line_1_3' title="bbox 288 521 1385 598; baseline 0.002 -20"><span class='ocrx_word' id='word_1_9' title='bbox 288 521 423 580; x_wconf 88' lang='lat' dir='ltr'><strong>tissimae</strong></span> <span class='ocrx_word' id='word_1_10' title='bbox 446 529 534 582; x_wconf 91' lang='lat' dir='ltr'><strong>erant</strong></span> <span class='ocrx_word' id='word_1_11' title='bbox 553 521 684 597; x_wconf 91' lang='lat' dir='ltr'><strong>pedibus</strong></span> <span class='ocrx_word' id='word_1_12' title='bbox 706 523 802 597; x_wconf 89' lang='lat' dir='ltr'><strong>primo</strong></span> <span class='ocrx_word' id='word_1_13' title='bbox 824 532 856 582; x_wconf 89' lang='lat' dir='ltr'><strong>et</strong></span> <span class='ocrx_word' id='word_1_14' title='bbox 876 525 983 598; x_wconf 91' lang='lat' dir='ltr'><strong>quinto</strong></span> <span class='ocrx_word' id='word_1_15' title='bbox 998 525 1157 594; x_wconf 84' lang='lat' dir='ltr'><strong>absolutis,</strong></span> <span class='ocrx_word' id='word_1_16' title='bbox 1171 524 1305 582; x_wconf 84' lang='lat' dir='ltr'><strong>rariores.</strong></span> <span class='ocrx_word' id='word_1_17' title='bbox 1314 531 1385 598; x_wconf 89' lang='lat' dir='ltr'><strong>post</strong></span> 
     </span>
     <span class='ocr_line' id='line_1_4' title="bbox 287 619 1385 704; baseline 0.002 -25"><span class='ocrx_word' id='word_1_18' title='bbox 287 624 401 699; x_wconf 91' lang='lat' dir='ltr'><strong>pedem</strong></span> <span class='ocrx_word' id='word_1_19' title='bbox 417 623 545 682; x_wconf 87' lang='lat' dir='ltr'><strong>alterum</strong></span> <span class='ocrx_word' id='word_1_20' title='bbox 561 619 657 703; x_wconf 91' lang='lat' dir='ltr'><strong>(apud</strong></span> <span class='ocrx_word' id='word_1_21' title='bbox 674 623 906 684; x_wconf 91' lang='lat' dir='ltr'><strong>Christodorum</strong></span> <span class='ocrx_word' id='word_1_22' title='bbox 928 626 960 683; x_wconf 89' lang='lat' dir='ltr'><strong>in</strong></span> <span class='ocrx_word' id='word_1_23' title='bbox 979 640 1014 701; x_wconf 90' lang='lat'><strong>17</strong></span> <span class='ocrx_word' id='word_1_24' title='bbox 1031 621 1098 701; x_wconf 86' lang='lat'><strong>(42)</strong></span> <span class='ocrx_word' id='word_1_25' title='bbox 1115 619 1264 704; x_wconf 84' lang='lat' dir='ltr'><strong>versibus)</strong></span> <span class='ocrx_word' id='word_1_26' title='bbox 1279 633 1312 683; x_wconf 89' lang='lat' dir='ltr'><strong>et</strong></span> <span class='ocrx_word' id='word_1_27' title='bbox 1326 633 1385 682; x_wconf 90' lang='lat' dir='ltr'><strong>ter·</strong></span> 
     </span>
     <span class='ocr_line' id='line_1_5' title="bbox 290 723 1385 802; baseline 0.002 -20"><span class='ocrx_word' id='word_1_28' title='bbox 290 724 378 793; x_wconf 81' lang='lat' dir='ltr'><strong>tium3</strong></span> <span class='ocrx_word' id='word_1_29' title='bbox 404 723 463 783; x_wconf 95' lang='lat' dir='ltr'><strong>hoc</strong></span> <span class='ocrx_word' id='word_1_30' title='bbox 484 726 656 800; x_wconf 85' lang='lat' dir='ltr'><strong>posteriore</strong></span> <span class='ocrx_word' id='word_1_31' title='bbox 678 727 748 784; x_wconf 92' lang='lat' dir='ltr'><strong>loco</strong></span> <span class='ocrx_word' id='word_1_32' title='bbox 765 727 913 786; x_wconf 85' lang='lat' dir='ltr'><strong>diaeresis</strong></span> <span class='ocrx_word' id='word_1_33' title='bbox 935 744 1008 786; x_wconf 90' lang='lat' dir='ltr'><strong>usus</strong></span> <span class='ocrx_word' id='word_1_34' title='bbox 1024 726 1115 785; x_wconf 86' lang='lat' dir='ltr'><strong>certis</strong></span> <span class='ocrx_word' id='word_1_35' title='bbox 1138 726 1323 802; x_wconf 86' lang='lat' dir='ltr'><strong>quibusdam</strong></span> <span class='ocrx_word' id='word_1_36' title='bbox 1343 727 1385 784; x_wconf 90' lang='lat' dir='ltr'><strong>le-</strong></span> 
     </span>
     <span class='ocr_line' id='line_1_6' title="bbox 287 820 1384 904; baseline 0.001 -20"><span class='ocrx_word' id='word_1_37' title='bbox 287 825 377 900; x_wconf 84' lang='lat' dir='ltr'><strong>gibus</strong></span> <span class='ocrx_word' id='word_1_38' title='bbox 408 826 653 900; x_wconf 90' lang='lat' dir='ltr'><strong>circumscriptus</strong></span> <span class='ocrx_word' id='word_1_39' title='bbox 672 835 739 884; x_wconf 89' lang='lat' dir='ltr'><strong>erat</strong></span> <span class='ocrx_word' id='word_1_40' title='bbox 752 820 794 904; x_wconf 90' lang='lat'><strong>¹):</strong></span> <span class='ocrx_word' id='word_1_41' title='bbox 816 828 849 885; x_wconf 91' lang='lat' dir='ltr'><strong>in</strong></span> <span class='ocrx_word' id='word_1_42' title='bbox 871 827 1046 888; x_wconf 91' lang='lat' dir='ltr'><strong>huiusmodi</strong></span> <span class='ocrx_word' id='word_1_43' title='bbox 1070 828 1150 886; x_wconf 90' lang='lat' dir='ltr'><strong>enim</strong></span> <span class='ocrx_word' id='word_1_44' title='bbox 1172 828 1309 886; x_wconf 88' lang='lat' dir='ltr'><strong>versibus</strong></span> <span class='ocrx_word' id='word_1_45' title='bbox 1331 835 1384 885; x_wconf 89' lang='lat' dir='ltr'><strong>aut</strong></span> 
     </span>
     <span class='ocr_line' id='line_1_7' title="bbox 289 925 1385 1005; baseline 0.002 -21"><span class='ocrx_word' id='word_1_46' title='bbox 289 944 417 986; x_wconf 90' lang='lat' dir='ltr'><strong>caesura</strong></span> <span class='ocrx_word' id='word_1_47' title='bbox 444 934 516 1001; x_wconf 92' lang='lat' dir='ltr'><strong>post</strong></span> <span class='ocrx_word' id='word_1_48' title='bbox 541 929 662 985; x_wconf 89' lang='lat' dir='ltr'><strong>tertium</strong></span> <span class='ocrx_word' id='word_1_49' title='bbox 693 928 873 988; x_wconf 83' lang='lat' dir='ltr'><strong>trochaeum</strong></span> <span class='ocrx_word' id='word_1_50' title='bbox 894 930 985 986; x_wconf 90' lang='lat' dir='ltr'><strong>adest</strong></span> <span class='ocrx_word' id='word_1_51' title='bbox 1016 925 1060 1005; x_wconf 92' lang='lat' dir='ltr'><strong>(in</strong></span> <span class='ocrx_word' id='word_1_52' title='bbox 1077 947 1122 988; x_wconf 90' lang='lat' dir='ltr'><strong>vv.</strong></span> <span class='ocrx_word' id='word_1_53' title='bbox 1143 928 1192 1004; x_wconf 83' lang='lat'><strong>17)</strong></span> <span class='ocrx_word' id='word_1_54' title='bbox 1217 937 1269 987; x_wconf 89' lang='lat' dir='ltr'><strong>aut</strong></span> <span class='ocrx_word' id='word_1_55' title='bbox 1291 929 1385 988; x_wconf 90' lang='lat' dir='ltr'><strong>iuter·</strong></span> 
     </span>
     <span class='ocr_line' id='line_1_8' title="bbox 287 1026 1383 1106; baseline 0.004 -22"><span class='ocrx_word' id='word_1_56' title='bbox 287 1029 414 1104; x_wconf 89' lang='lat' dir='ltr'><strong>punctio</strong></span> <span class='ocrx_word' id='word_1_57' title='bbox 435 1036 506 1104; x_wconf 89' lang='lat' dir='ltr'><strong>post</strong></span> <span class='ocrx_word' id='word_1_58' title='bbox 529 1030 610 1087; x_wconf 92' lang='lat' dir='ltr'><strong>arsin</strong></span> <span class='ocrx_word' id='word_1_59' title='bbox 631 1029 751 1088; x_wconf 82' lang='lat' dir='ltr'><strong>tertiam</strong></span> <span class='ocrx_word' id='word_1_60' title='bbox 767 1026 811 1106; x_wconf 81' lang='lat' dir='ltr'><strong>(in</strong></span> <span class='ocrx_word' id='word_1_61' title='bbox 827 1049 873 1089; x_wconf 93' lang='lat' dir='ltr'><strong>vv.</strong></span> <span class='ocrx_word' id='word_1_62' title='bbox 887 1027 932 1106; x_wconf 91' lang='lat'><strong>4),</strong></span> <span class='ocrx_word' id='word_1_63' title='bbox 954 1037 1009 1090; x_wconf 92' lang='lat' dir='ltr'><strong>aut</strong></span> <span class='ocrx_word' id='word_1_64' title='bbox 1029 1030 1222 1099; x_wconf 90' lang='lat' dir='ltr'><strong>vocabulum,</strong></span> <span class='ocrx_word' id='word_1_65' title='bbox 1245 1047 1307 1104; x_wconf 92' lang='lat' dir='ltr'><strong>quo</strong></span> <span class='ocrx_word' id='word_1_66' title='bbox 1329 1047 1383 1104; x_wconf 89' lang='lat' dir='ltr'><strong>pes</strong></span> 
     </span>
     <span class='ocr_line' id='line_1_9' title="bbox 288 1129 1384 1210; baseline 0.001 -24"><span class='ocrx_word' id='word_1_67' title='bbox 288 1139 414 1206; x_wconf 88' lang='lat' dir='ltr'><strong>quartus</strong></span> <span class='ocrx_word' id='word_1_68' title='bbox 445 1129 584 1200; x_wconf 82' lang='lat' dir='ltr'><strong>efficitur,</strong></span> <span class='ocrx_word' id='word_1_69' title='bbox 615 1131 766 1190; x_wconf 81' lang='lat' dir='ltr'><strong>artissime</strong></span> <span class='ocrx_word' id='word_1_70' title='bbox 796 1150 865 1189; x_wconf 90' lang='lat' dir='ltr'><strong>cum</strong></span> <span class='ocrx_word' id='word_1_71' title='bbox 893 1149 941 1200; x_wconf 90' lang='lat' dir='ltr'><strong>eo,</strong></span> <span class='ocrx_word' id='word_1_72' title='bbox 957 1148 1031 1210; x_wconf 45' lang='lat' dir='ltr'><strong>,quo</strong></span> <span class='ocrx_word' id='word_1_73' title='bbox 1063 1149 1119 1206; x_wconf 85' lang='lat' dir='ltr'><strong>pes</strong></span> <span class='ocrx_word' id='word_1_74' title='bbox 1146 1132 1254 1190; x_wconf 89' lang='lat' dir='ltr'><strong>tertius</strong></span> <span class='ocrx_word' id='word_1_75' title='bbox 1275 1131 1384 1199; x_wconf 88' lang='lat' dir='ltr'><strong>finitur,</strong></span> 
     </span>
     <span class='ocr_line' id='line_1_10' title="bbox 289 1227 1384 1307; baseline -0.002 -17"><span class='ocrx_word' id='word_1_76' title='bbox 289 1231 433 1290; x_wconf 85' lang='lat' dir='ltr'><strong>cohaeret</strong></span> <span class='ocrx_word' id='word_1_77' title='bbox 454 1227 570 1303; x_wconf 49' lang='lat' dir='ltr'><strong>(in‘vv.</strong></span> <span class='ocrx_word' id='word_1_78' title='bbox 597 1228 643 1307; x_wconf 90' lang='lat'><strong>8);</strong></span> <span class='ocrx_word' id='word_1_79' title='bbox 677 1233 719 1290; x_wconf 91' lang='lat' dir='ltr'><strong>ad</strong></span> <span class='ocrx_word' id='word_1_80' title='bbox 741 1249 889 1294; x_wconf 89' lang='lat' dir='ltr'><strong>summam</strong></span> <span class='ocrx_word' id='word_1_81' title='bbox 917 1234 962 1292; x_wconf 90' lang='lat' dir='ltr'><strong>ita</strong></span> <span class='ocrx_word' id='word_1_82' title='bbox 984 1241 1103 1292; x_wconf 90' lang='lat' dir='ltr'><strong>tantum</strong></span> <span class='ocrx_word' id='word_1_83' title='bbox 1131 1232 1209 1291; x_wconf 92' lang='lat' dir='ltr'><strong>haec</strong></span> <span class='ocrx_word' id='word_1_84' title='bbox 1237 1231 1384 1292; x_wconf 87' lang='lat' dir='ltr'><strong>diaeresis</strong></span> 
     </span>
     <span class='ocr_line' id='line_1_11' title="bbox 288 1333 962 1409; baseline 0 -17"><span class='ocrx_word' id='word_1_85' title='bbox 288 1333 465 1403; x_wconf 84' lang='lat' dir='ltr'><strong>admittitur,</strong></span> <span class='ocrx_word' id='word_1_86' title='bbox 488 1342 522 1392; x_wconf 90' lang='lat' dir='ltr'><strong>ut</strong></span> <span class='ocrx_word' id='word_1_87' title='bbox 545 1350 637 1409; x_wconf 88' lang='lat' dir='ltr'><strong>quam</strong></span> <span class='ocrx_word' id='word_1_88' title='bbox 658 1335 782 1394; x_wconf 87' lang='lat' dir='ltr'><strong>minime</strong></span> <span class='ocrx_word' id='word_1_89' title='bbox 803 1335 962 1394; x_wconf 88' lang='lat' dir='ltr'><strong>sentiatur.</strong></span> 
     </span>
    </p>

    <p class='ocr_par' dir='ltr' id='par_1_3' title="bbox 284 1434 1390 3732">
     <span class='ocr_line' id='line_1_12' title="bbox 385 1434 1381 1509; baseline -0.002 -17"><span class='ocrx_word' id='word_1_90' title='bbox 385 1435 469 1492; x_wconf 88' lang='lat' dir='ltr'><strong>Inter</strong></span> <span class='ocrx_word' id='word_1_91' title='bbox 483 1453 626 1494; x_wconf 87' lang='lat' dir='ltr'><strong>caesuras</strong></span> <span class='ocrx_word' id='word_1_92' title='bbox 648 1437 831 1494; x_wconf 86' lang='lat' dir='ltr'><strong>masculinas</strong></span> <span class='ocrx_word' id='word_1_93' title='bbox 847 1435 1086 1506; x_wconf 85' lang='lat' dir='ltr'><strong>trithemimeren</strong></span> <span class='ocrx_word' id='word_1_94' title='bbox 1107 1435 1154 1494; x_wconf 91' lang='lat' dir='ltr'><strong>his</strong></span> <span class='ocrx_word' id='word_1_95' title='bbox 1175 1435 1276 1509; x_wconf 87' lang='lat' dir='ltr'><strong>poetis</strong></span> <span class='ocrx_word' id='word_1_96' title='bbox 1298 1434 1381 1492; x_wconf 91' lang='lat' dir='ltr'><strong>adeo</strong></span> 
     </span>
     <span class='ocr_line' id='line_1_13' title="bbox 287 1535 1382 1612; baseline -0.001 -20"><span class='ocrx_word' id='word_1_97' title='bbox 287 1537 319 1592; x_wconf 91' lang='lat' dir='ltr'><strong>in</strong></span> <span class='ocrx_word' id='word_1_98' title='bbox 341 1535 458 1593; x_wconf 89' lang='lat' dir='ltr'><strong>deliciis</strong></span> <span class='ocrx_word' id='word_1_99' title='bbox 479 1536 582 1605; x_wconf 80' lang='lat' dir='ltr'><strong>fuisse,</strong></span> <span class='ocrx_word' id='word_1_100' title='bbox 615 1545 647 1594; x_wconf 89' lang='lat' dir='ltr'><strong>ut</strong></span> <span class='ocrx_word' id='word_1_101' title='bbox 670 1545 792 1612; x_wconf 89' lang='lat' dir='ltr'><strong>praeter</strong></span> <span class='ocrx_word' id='word_1_102' title='bbox 813 1537 984 1594; x_wconf 91' lang='lat' dir='ltr'><strong>bucolicam</strong></span> <span class='ocrx_word' id='word_1_103' title='bbox 1009 1537 1164 1595; x_wconf 87' lang='lat' dir='ltr'><strong>diaeresin</strong></span> <span class='ocrx_word' id='word_1_104' title='bbox 1186 1543 1218 1592; x_wconf 93' lang='lat' dir='ltr'><strong>et</strong></span> <span class='ocrx_word' id='word_1_105' title='bbox 1239 1551 1382 1594; x_wconf 87' lang='lat' dir='ltr'><strong>necessa-</strong></span> 
     </span>
     <span class='ocr_line' id='line_1_14' title="bbox 287 1637 1385 1714; baseline 0 -20"><span class='ocrx_word' id='word_1_106' title='bbox 287 1638 361 1710; x_wconf 75' lang='lat' dir='ltr'><strong>riam</strong></span> <span class='ocrx_word' id='word_1_107' title='bbox 395 1638 484 1712; x_wconf 88' lang='lat' dir='ltr'><strong>pedis</strong></span> <span class='ocrx_word' id='word_1_108' title='bbox 513 1639 592 1696; x_wconf 90' lang='lat' dir='ltr'><strong>tertii</strong></span> <span class='ocrx_word' id='word_1_109' title='bbox 621 1656 779 1699; x_wconf 88' lang='lat' dir='ltr'><strong>caesuram</strong></span> <span class='ocrx_word' id='word_1_110' title='bbox 814 1639 991 1714; x_wconf 84' lang='lat' dir='ltr'><strong>saepissime</strong></span> <span class='ocrx_word' id='word_1_111' title='bbox 1013 1639 1158 1706; x_wconf 66' lang='lat' dir='ltr'><strong>adsita</strong></span> <span class='ocrx_word' id='word_1_112' title='bbox 1191 1637 1260 1694; x_wconf 89' lang='lat' dir='ltr'><strong>viris</strong></span> <span class='ocrx_word' id='word_1_113' title='bbox 1284 1637 1385 1694; x_wconf 91' lang='lat' dir='ltr'><strong>doctis</strong></span> 
     </span>
     <span class='ocr_line' id='line_1_15' title="bbox 287 1738 1385 1814; baseline -0.002 -18"><span class='ocrx_word' id='word_1_114' title='bbox 287 1739 447 1796; x_wconf 91' lang='lat' dir='ltr'><strong>nonsatis</strong></span> <span class='ocrx_word' id='word_1_115' title='bbox 470 1739 665 1800; x_wconf 88' lang='lat' dir='ltr'><strong>observatum</strong></span> <span class='ocrx_word' id='word_1_116' title='bbox 693 1757 761 1800; x_wconf 89' lang='lat' dir='ltr'><strong>esse</strong></span> <span class='ocrx_word' id='word_1_117' title='bbox 790 1741 891 1800; x_wconf 82' lang='lat' dir='ltr'><strong>video.</strong></span> <span class='ocrx_word' id='word_1_118' title='bbox 927 1757 1008 1814; x_wconf 89' lang='lat' dir='ltr'><strong>quae</strong></span> <span class='ocrx_word' id='word_1_119' title='bbox 1040 1739 1147 1799; x_wconf 88' lang='lat' dir='ltr'><strong>incisio</strong></span> <span class='ocrx_word' id='word_1_120' title='bbox 1181 1738 1385 1796; x_wconf 88' lang='lat' dir='ltr'><strong>etiamsinon</strong></span> 
     </span>
     <span class='ocr_line' id='line_1_16' title="bbox 288 1839 1382 1916; baseline -0.001 -21"><span class='ocrx_word' id='word_1_121' title='bbox 288 1857 358 1898; x_wconf 91' lang='lat' dir='ltr'><strong>eam</strong></span> <span class='ocrx_word' id='word_1_122' title='bbox 372 1840 431 1898; x_wconf 90' lang='lat' dir='ltr'><strong>vim</strong></span> <span class='ocrx_word' id='word_1_123' title='bbox 446 1839 549 1911; x_wconf 89' lang='lat' dir='ltr'><strong>habet,</strong></span> <span class='ocrx_word' id='word_1_124' title='bbox 572 1850 606 1898; x_wconf 89' lang='lat' dir='ltr'><strong>ut</strong></span> <span class='ocrx_word' id='word_1_125' title='bbox 623 1841 688 1900; x_wconf 88' lang='lat' dir='ltr'><strong>sola</strong></span> <span class='ocrx_word' id='word_1_126' title='bbox 709 1849 832 1916; x_wconf 91' lang='lat' dir='ltr'><strong>praeter</strong></span> <span class='ocrx_word' id='word_1_127' title='bbox 845 1841 1109 1916; x_wconf 88' lang='lat' dir='ltr'><strong>penthemimeren</strong></span> <span class='ocrx_word' id='word_1_128' title='bbox 1124 1855 1245 1897; x_wconf 89' lang='lat' dir='ltr'><strong>versum</strong></span> <span class='ocrx_word' id='word_1_129' title='bbox 1264 1846 1382 1896; x_wconf 90' lang='lat' dir='ltr'><strong>rectum</strong></span> 
     </span>
     <span class='ocr_line' id='line_1_17' title="bbox 288 1936 1384 2017; baseline -0.002 -19"><span class='ocrx_word' id='word_1_130' title='bbox 288 1940 409 2010; x_wconf 87' lang='lat' dir='ltr'><strong>efficiat,</strong></span> <span class='ocrx_word' id='word_1_131' title='bbox 442 1951 563 2017; x_wconf 87' lang='lat' dir='ltr'><strong>praeter</strong></span> <span class='ocrx_word' id='word_1_132' title='bbox 586 1960 745 2002; x_wconf 88' lang='lat' dir='ltr'><strong>caesuram</strong></span> <span class='ocrx_word' id='word_1_133' title='bbox 776 1942 964 2002; x_wconf 85' lang='lat' dir='ltr'><strong>trochaicam</strong></span> <span class='ocrx_word' id='word_1_134' title='bbox 986 1943 1052 2000; x_wconf 91' lang='lat' dir='ltr'><strong>sola</strong></span> <span class='ocrx_word' id='word_1_135' title='bbox 1085 1942 1175 2000; x_wconf 91' lang='lat' dir='ltr'><strong>adest</strong></span> <span class='ocrx_word' id='word_1_136' title='bbox 1197 1941 1229 1997; x_wconf 91' lang='lat' dir='ltr'><strong>in</strong></span> <span class='ocrx_word' id='word_1_137' title='bbox 1250 1953 1289 2014; x_wconf 89' lang='lat'><strong>47</strong></span> <span class='ocrx_word' id='word_1_138' title='bbox 1315 1936 1384 2012; x_wconf 84' lang='lat'>(81)</span> 
     </span>
     <span class='ocr_line' id='line_1_18' title="bbox 287 2036 1385 2120; baseline -0.002 -22"><span class='ocrx_word' id='word_1_139' title='bbox 287 2042 433 2112; x_wconf 89' lang='lat' dir='ltr'><strong>versibus,</strong></span> <span class='ocrx_word' id='word_1_140' title='bbox 467 2061 537 2102; x_wconf 91' lang='lat' dir='ltr'><strong>cum</strong></span> <span class='ocrx_word' id='word_1_141' title='bbox 567 2045 632 2102; x_wconf 88' lang='lat' dir='ltr'><strong>aliis</strong></span> <span class='ocrx_word' id='word_1_142' title='bbox 663 2045 771 2102; x_wconf 89' lang='lat' dir='ltr'><strong>iuncta</strong></span> <span class='ocrx_word' id='word_1_143' title='bbox 802 2045 833 2102; x_wconf 92' lang='lat' dir='ltr'><strong>in</strong></span> <span class='ocrx_word' id='word_1_144' title='bbox 869 2058 927 2119; x_wconf 88' lang='lat'><strong>170</strong></span> <span class='ocrx_word' id='word_1_145' title='bbox 950 2036 1039 2120; x_wconf 76' lang='lat'>(223)</span> <span class='ocrx_word' id='word_1_146' title='bbox 1062 2043 1208 2110; x_wconf 87' lang='lat' dir='ltr'><strong>versibus,</strong></span> <span class='ocrx_word' id='word_1_147' title='bbox 1246 2048 1278 2098; x_wconf 89' lang='lat' dir='ltr'><strong>et</strong></span> <span class='ocrx_word' id='word_1_148' title='bbox 1298 2040 1385 2114; x_wconf 91' lang='lat' dir='ltr'><strong>quod</strong></span> 
     </span>
     <span class='ocr_line' id='line_1_19' title="bbox 287 2135 1385 2220; baseline -0.002 -20"><span class='ocrx_word' id='word_1_149' title='bbox 287 2144 384 2218; x_wconf 88' lang='lat' dir='ltr'><strong>magis</strong></span> <span class='ocrx_word' id='word_1_150' title='bbox 407 2145 498 2202; x_wconf 87' lang='lat' dir='ltr'><strong>etiam</strong></span> <span class='ocrx_word' id='word_1_151' title='bbox 522 2146 829 2203; x_wconf 89' lang='lat' dir='ltr'><strong>animadvertendum</strong></span> <span class='ocrx_word' id='word_1_152' title='bbox 854 2152 911 2212; x_wconf 87' lang='lat' dir='ltr'><strong>est,</strong></span> <span class='ocrx_word' id='word_1_153' title='bbox 945 2144 977 2201; x_wconf 91' lang='lat' dir='ltr'><strong>in</strong></span> <span class='ocrx_word' id='word_1_154' title='bbox 1000 2142 1040 2216; x_wconf 82' lang='lat'><strong>36</strong></span> <span class='ocrx_word' id='word_1_155' title='bbox 1063 2135 1131 2220; x_wconf 85' lang='lat'><em>(21)</em></span> <span class='ocrx_word' id='word_1_156' title='bbox 1161 2143 1298 2200; x_wconf 86' lang='lat' dir='ltr'><strong>versibus</strong></span> <span class='ocrx_word' id='word_1_157' title='bbox 1325 2140 1385 2198; x_wconf 93' lang='lat' dir='ltr'><strong>hoc</strong></span> 
     </span>
     <span class='ocr_line' id='line_1_20' title="bbox 287 2241 1384 2321; baseline -0.003 -21"><span class='ocrx_word' id='word_1_158' title='bbox 287 2243 357 2301; x_wconf 93' lang='lat' dir='ltr'><strong>loco</strong></span> <span class='ocrx_word' id='word_1_159' title='bbox 391 2245 596 2321; x_wconf 90' lang='lat' dir='ltr'><strong>interpunctio</strong></span> <span class='ocrx_word' id='word_1_160' title='bbox 619 2247 661 2315; x_wconf 87' lang='lat' dir='ltr'><strong>fit,</strong></span> <span class='ocrx_word' id='word_1_161' title='bbox 691 2263 751 2304; x_wconf 91' lang='lat' dir='ltr'><strong>nec</strong></span> <span class='ocrx_word' id='word_1_162' title='bbox 770 2245 879 2320; x_wconf 84' lang='lat' dir='ltr'><strong>pusilla</strong></span> <span class='ocrx_word' id='word_1_163' title='bbox 904 2252 1023 2303; x_wconf 90' lang='lat' dir='ltr'><strong>tantum</strong></span> <span class='ocrx_word' id='word_1_164' title='bbox 1031 2241 1066 2318; x_wconf 60' lang='grc'><strong>1).</strong></span> <span class='ocrx_word' id='word_1_165' title='bbox 1104 2251 1213 2301; x_wconf 88' lang='lat' dir='ltr'><strong>contra</strong></span> <span class='ocrx_word' id='word_1_166' title='bbox 1234 2241 1384 2316; x_wconf 87' lang='lat' dir='ltr'><strong>hephthe·</strong></span> 
     </span>
     <span class='ocr_line' id='line_1_21' title="bbox 287 2341 1384 2421; baseline 0 -21"><span class='ocrx_word' id='word_1_167' title='bbox 287 2345 419 2403; x_wconf 88' lang='lat' dir='ltr'><strong>mimeris</strong></span> <span class='ocrx_word' id='word_1_168' title='bbox 453 2363 526 2403; x_wconf 92' lang='lat' dir='ltr'><strong>usus</strong></span> <span class='ocrx_word' id='word_1_169' title='bbox 560 2346 584 2404; x_wconf 91' lang='lat' dir='ltr'><strong>si</strong></span> <span class='ocrx_word' id='word_1_170' title='bbox 617 2355 811 2421; x_wconf 90' lang='lat' dir='ltr'><strong>comparatur</strong></span> <span class='ocrx_word' id='word_1_171' title='bbox 841 2364 910 2404; x_wconf 90' lang='lat' dir='ltr'><strong>cum</strong></span> <span class='ocrx_word' id='word_1_172' title='bbox 943 2345 1159 2404; x_wconf 86' lang='lat' dir='ltr'><strong>trithemimere</strong></span> <span class='ocrx_word' id='word_1_173' title='bbox 1187 2351 1218 2401; x_wconf 89' lang='lat' dir='ltr'><strong>et</strong></span> <span class='ocrx_word' id='word_1_174' title='bbox 1243 2341 1384 2401; x_wconf 92' lang='lat' dir='ltr'><strong>bucolica</strong></span> 
     </span>
     <span class='ocr_line' id='line_1_22' title="bbox 287 2443 1383 2522; baseline -0.003 -20"><span class='ocrx_word' id='word_1_175' title='bbox 287 2445 362 2502; x_wconf 88' lang='lat' dir='ltr'><strong>satis</strong></span> <span class='ocrx_word' id='word_1_176' title='bbox 384 2463 494 2522; x_wconf 90' lang='lat' dir='ltr'><strong>parcus</strong></span> <span class='ocrx_word' id='word_1_177' title='bbox 517 2447 610 2506; x_wconf 88' lang='lat' dir='ltr'><strong>fuisse</strong></span> <span class='ocrx_word' id='word_1_178' title='bbox 633 2448 763 2508; x_wconf 87' lang='lat' dir='ltr'><strong>videtur.</strong></span> <span class='ocrx_word' id='word_1_179' title='bbox 801 2465 875 2505; x_wconf 92' lang='lat' dir='ltr'><strong>sane</strong></span> <span class='ocrx_word' id='word_1_180' title='bbox 903 2446 941 2504; x_wconf 87' lang='lat' dir='ltr'><strong>ab</strong></span> <span class='ocrx_word' id='word_1_181' title='bbox 970 2445 1168 2506; x_wconf 88' lang='lat' dir='ltr'><strong>usitatissima</strong></span> <span class='ocrx_word' id='word_1_182' title='bbox 1190 2444 1279 2519; x_wconf 88' lang='lat' dir='ltr'><strong>pedis</strong></span> <span class='ocrx_word' id='word_1_183' title='bbox 1302 2443 1383 2500; x_wconf 88' lang='lat' dir='ltr'><strong>tertii</strong></span> 
     </span>
     <span class='ocr_line' id='line_1_23' title="bbox 284 2533 1388 2622; baseline 0 -21"><span class='ocrx_word' id='word_1_184' title='bbox 284 2563 416 2604; x_wconf 65' lang='lat' dir='ltr'><strong>,caesura</strong></span> <span class='ocrx_word' id='word_1_185' title='bbox 437 2546 594 2607; x_wconf 89' lang='lat' dir='ltr'><strong>trochaica</strong></span> <span class='ocrx_word' id='word_1_186' title='bbox 618 2548 706 2606; x_wconf 90' lang='lat' dir='ltr'><strong>nimis</strong></span> <span class='ocrx_word' id='word_1_187' title='bbox 734 2565 830 2622; x_wconf 92' lang='lat' dir='ltr'><strong>prope</strong></span> <span class='ocrx_word' id='word_1_188' title='bbox 853 2547 963 2620; x_wconf 89' lang='lat' dir='ltr'><strong>distat;</strong></span> <span class='ocrx_word' id='word_1_189' title='bbox 997 2555 1089 2621; x_wconf 90' lang='lat' dir='ltr'><strong>atque</strong></span> <span class='ocrx_word' id='word_1_190' title='bbox 1123 2546 1217 2604; x_wconf 87' lang='lat' dir='ltr'><strong>etiam</strong></span> <span class='ocrx_word' id='word_1_191' title='bbox 1249 2533 1388 2602; x_wconf 76' lang='lat' dir='ltr'><strong>mascula</strong></span> 
     </span>
     <span class='ocr_line' id='line_1_24' title="bbox 289 2646 1389 2724; baseline -0.003 -18"><span class='ocrx_word' id='word_1_192' title='bbox 289 2665 417 2706; x_wconf 89' lang='lat' dir='ltr'><strong>caesura</strong></span> <span class='ocrx_word' id='word_1_193' title='bbox 439 2647 578 2706; x_wconf 90' lang='lat' dir='ltr'><strong>adhibita</strong></span> <span class='ocrx_word' id='word_1_194' title='bbox 599 2649 738 2724; x_wconf 83' lang='lat' dir='ltr'><strong>longiore</strong></span> <span class='ocrx_word' id='word_1_195' title='bbox 761 2667 853 2722; x_wconf 92' lang='lat' dir='ltr'><strong>quam</strong></span> <span class='ocrx_word' id='word_1_196' title='bbox 876 2648 1032 2723; x_wconf 90' lang='lat' dir='ltr'><strong>trisyllabo</strong></span> <span class='ocrx_word' id='word_1_197' title='bbox 1052 2646 1203 2704; x_wconf 91' lang='lat' dir='ltr'><strong>vocabulo</strong></span> <span class='ocrx_word' id='word_1_198' title='bbox 1226 2663 1324 2720; x_wconf 86' lang='lat' dir='ltr'><strong>usque</strong></span> <span class='ocrx_word' id='word_1_199' title='bbox 1346 2646 1389 2703; x_wconf 92' lang='lat' dir='ltr'><strong>ad</strong></span> 
     </span>
     <span class='ocr_line' id='line_1_25' title="bbox 288 2746 1383 2826; baseline -0.004 -18"><span class='ocrx_word' id='word_1_200' title='bbox 288 2758 429 2826; x_wconf 88' lang='lat' dir='ltr'><strong>quartum</strong></span> <span class='ocrx_word' id='word_1_201' title='bbox 451 2749 604 2824; x_wconf 89' lang='lat' dir='ltr'><strong>dactylum</strong></span> <span class='ocrx_word' id='word_1_202' title='bbox 632 2751 693 2806; x_wconf 90' lang='lat' dir='ltr'><strong>iam</strong></span> <span class='ocrx_word' id='word_1_203' title='bbox 716 2749 913 2808; x_wconf 84' lang='lat' dir='ltr'><strong>Alexandrini</strong></span> <span class='ocrx_word' id='word_1_204' title='bbox 942 2746 1087 2824; x_wconf 82' lang='lat' dir='ltr'><strong>poetae³)</strong></span> <span class='ocrx_word' id='word_1_205' title='bbox 1120 2748 1261 2806; x_wconf 88' lang='lat' dir='ltr'><strong>ordinem</strong></span> <span class='ocrx_word' id='word_1_206' title='bbox 1283 2746 1383 2822; x_wconf 83' lang='lat' dir='ltr'><strong>proxi·</strong></span> 
     </span>
     <span class='ocr_line' id='line_1_26' title="bbox 287 2847 1383 2926; baseline -0.005 -18"><span class='ocrx_word' id='word_1_207' title='bbox 287 2869 370 2908; x_wconf 90' lang='lat' dir='ltr'><strong>mum</strong></span> <span class='ocrx_word' id='word_1_208' title='bbox 395 2851 574 2909; x_wconf 88' lang='lat' dir='ltr'><strong>continuare</strong></span> <span class='ocrx_word' id='word_1_209' title='bbox 597 2851 745 2911; x_wconf 82' lang='lat' dir='ltr'><strong>solebant.</strong></span> <span class='ocrx_word' id='word_1_210' title='bbox 779 2868 874 2926; x_wconf 90' lang='lat' dir='ltr'><strong>saepe</strong></span> <span class='ocrx_word' id='word_1_211' title='bbox 896 2851 987 2908; x_wconf 88' lang='lat' dir='ltr'><strong>adest</strong></span> <span class='ocrx_word' id='word_1_212' title='bbox 1004 2849 1083 2907; x_wconf 86' lang='lat' dir='ltr'><strong>haec</strong></span> <span class='ocrx_word' id='word_1_213' title='bbox 1096 2847 1234 2908; x_wconf 88' lang='lat' dir='ltr'><strong>mascula</strong></span> <span class='ocrx_word' id='word_1_214' title='bbox 1255 2864 1383 2906; x_wconf 91' lang='lat' dir='ltr'><strong>caesura</strong></span> 
     </span>
     <span class='ocr_line' id='line_1_27' title="bbox 288 2947 1383 3026; baseline -0.005 -17"><span class='ocrx_word' id='word_1_215' title='bbox 288 2953 319 3009; x_wconf 90' lang='lat' dir='ltr'><strong>in</strong></span> <span class='ocrx_word' id='word_1_216' title='bbox 340 2952 422 3026; x_wconf 92' lang='lat' dir='ltr'><strong>pede</strong></span> <span class='ocrx_word' id='word_1_217' title='bbox 435 2951 542 3026; x_wconf 87' lang='lat' dir='ltr'><strong>primo,</strong></span> <span class='ocrx_word' id='word_1_218' title='bbox 563 2968 622 3009; x_wconf 91' lang='lat' dir='ltr'><strong>nec</strong></span> <span class='ocrx_word' id='word_1_219' title='bbox 643 2969 706 3010; x_wconf 89' lang='lat' dir='ltr'><strong>non</strong></span> <span class='ocrx_word' id='word_1_220' title='bbox 727 2953 758 3008; x_wconf 91' lang='lat' dir='ltr'><strong>in</strong></span> <span class='ocrx_word' id='word_1_221' title='bbox 778 2953 861 3026; x_wconf 90' lang='lat' dir='ltr'><strong>pede</strong></span> <span class='ocrx_word' id='word_1_222' title='bbox 884 2951 1001 3026; x_wconf 90' lang='lat' dir='ltr'><strong>quinto,</strong></span> <span class='ocrx_word' id='word_1_223' title='bbox 1025 2949 1077 3008; x_wconf 88' lang='lat' dir='ltr'><strong>ubi</strong></span> <span class='ocrx_word' id='word_1_224' title='bbox 1099 2949 1286 3008; x_wconf 88' lang='lat' dir='ltr'><strong>antecedere</strong></span> <span class='ocrx_word' id='word_1_225' title='bbox 1305 2947 1383 3006; x_wconf 90' lang='lat' dir='ltr'><strong>solet</strong></span> 
     </span>
     <span class='ocr_line' id='line_1_28' title="bbox 288 3047 1387 3134; baseline -0.004 -25"><span class='ocrx_word' id='word_1_226' title='bbox 288 3053 470 3111; x_wconf 90' lang='lat' dir='ltr'><strong>vocabulum</strong></span> <span class='ocrx_word' id='word_1_227' title='bbox 505 3062 650 3128; x_wconf 90' lang='lat' dir='ltr'><strong>quattuor</strong></span> <span class='ocrx_word' id='word_1_228' title='bbox 682 3049 727 3128; x_wconf 89' lang='lat' dir='ltr'><strong>(in</strong></span> <span class='ocrx_word' id='word_1_229' title='bbox 749 3072 794 3112; x_wconf 92' lang='lat' dir='ltr'><strong>vv.</strong></span> <span class='ocrx_word' id='word_1_230' title='bbox 814 3069 833 3126; x_wconf 80' lang='lat'>9</span> <span class='ocrx_word' id='word_1_231' title='bbox 856 3047 945 3129; x_wconf 83' lang='lat'>[34])</span> <span class='ocrx_word' id='word_1_232' title='bbox 972 3060 1025 3109; x_wconf 92' lang='lat' dir='ltr'><strong>aut</strong></span> <span class='ocrx_word' id='word_1_233' title='bbox 1047 3049 1182 3126; x_wconf 90' lang='lat' dir='ltr'><strong>plurium</strong></span> <span class='ocrx_word' id='word_1_234' title='bbox 1203 3048 1387 3134; x_wconf 86' lang='lat' dir='ltr'><strong>syllabarum</strong></span> 
     </span>
     <span class='ocr_line' id='line_1_29' title="bbox 289 3143 1376 3232; baseline -0.008 -18"><span class='ocrx_word' id='word_1_235' title='bbox 289 3153 333 3230; x_wconf 86' lang='lat' dir='ltr'><strong>(in</strong></span> <span class='ocrx_word' id='word_1_236' title='bbox 355 3173 401 3214; x_wconf 88' lang='lat' dir='ltr'><strong>vv.</strong></span> <span class='ocrx_word' id='word_1_237' title='bbox 419 3159 437 3228; x_wconf 77' lang='lat'><em>0</em></span> <span class='ocrx_word' id='word_1_238' title='bbox 458 3147 557 3232; x_wconf 88' lang='lat'><strong>[20]),</strong></span> <span class='ocrx_word' id='word_1_239' title='bbox 579 3155 680 3212; x_wconf 91' lang='lat' dir='ltr'><strong>vitatis</strong></span> <span class='ocrx_word' id='word_1_240' title='bbox 702 3153 908 3228; x_wconf 86' lang='lat' dir='ltr'><strong>anapaesticis</strong></span> <span class='ocrx_word' id='word_1_241' title='bbox 931 3161 963 3210; x_wconf 88' lang='lat' dir='ltr'><strong>et</strong></span> <span class='ocrx_word' id='word_1_242' title='bbox 984 3151 1162 3228; x_wconf 89' lang='lat' dir='ltr'><strong>spondiacis</strong></span> <span class='ocrx_word' id='word_1_243' title='bbox 1184 3149 1341 3208; x_wconf 90' lang='lat' dir='ltr'><strong>vocabulis</strong></span> <span class='ocrx_word' id='word_1_244' title='bbox 1349 3143 1376 3225; x_wconf 83' lang='lat'><strong>⁴)</strong></span> 
     </span>
     <span class='ocr_line' id='line_1_30' title="bbox 288 3248 1388 3330; baseline -0.005 -16"><span class='ocrx_word' id='word_1_245' title='bbox 288 3258 320 3314; x_wconf 89' lang='lat' dir='ltr'><strong>in</strong></span> <span class='ocrx_word' id='word_1_246' title='bbox 342 3257 377 3314; x_wconf 90' lang='lat' dir='ltr'><strong>iis</strong></span> <span class='ocrx_word' id='word_1_247' title='bbox 400 3255 538 3313; x_wconf 89' lang='lat' dir='ltr'><strong>versibus</strong></span> <span class='ocrx_word' id='word_1_248' title='bbox 562 3249 631 3330; x_wconf 84' lang='lat'>(54)</span> <span class='ocrx_word' id='word_1_249' title='bbox 652 3256 704 3330; x_wconf 90' lang='lat' dir='ltr'><strong>qui</strong></span> <span class='ocrx_word' id='word_1_250' title='bbox 718 3255 864 3324; x_wconf 45' lang='lat' dir='ltr'><strong>,bucolica</strong></span> <span class='ocrx_word' id='word_1_251' title='bbox 882 3253 1013 3312; x_wconf 87' lang='lat' dir='ltr'><strong>diaeresi</strong></span> <span class='ocrx_word' id='word_1_252' title='bbox 1035 3252 1122 3310; x_wconf 89' lang='lat' dir='ltr'><strong>incisi</strong></span> <span class='ocrx_word' id='word_1_253' title='bbox 1144 3248 1388 3326; x_wconf 86' lang='lat' dir='ltr'><strong>monosyllabum</strong></span> 
     </span>
     <span class='ocr_line' id='line_1_31' title="bbox 290 3350 1389 3431; baseline -0.007 -16"><span class='ocrx_word' id='word_1_254' title='bbox 290 3376 359 3416; x_wconf 91' lang='lat' dir='ltr'><strong>cum</strong></span> <span class='ocrx_word' id='word_1_255' title='bbox 392 3356 592 3431; x_wconf 90' lang='lat' dir='ltr'><strong>sequentihus</strong></span> <span class='ocrx_word' id='word_1_256' title='bbox 622 3365 687 3413; x_wconf 92' lang='lat' dir='ltr'><strong>arte</strong></span> <span class='ocrx_word' id='word_1_257' title='bbox 720 3357 917 3413; x_wconf 88' lang='lat' dir='ltr'><strong>coniunctum</strong></span> <span class='ocrx_word' id='word_1_258' title='bbox 946 3355 977 3411; x_wconf 89' lang='lat' dir='ltr'><strong>in</strong></span> <span class='ocrx_word' id='word_1_259' title='bbox 1010 3354 1069 3410; x_wconf 88' lang='lat' dir='ltr'><strong>arsi</strong></span> <span class='ocrx_word' id='word_1_260' title='bbox 1103 3351 1209 3427; x_wconf 90' lang='lat' dir='ltr'><strong>quinta</strong></span> <span class='ocrx_word' id='word_1_261' title='bbox 1232 3350 1389 3420; x_wconf 81' lang='lat' dir='ltr'><strong>exhibent,</strong></span> 
     </span>
     <span class='ocr_line' id='line_1_32' title="bbox 288 3453 1390 3530; baseline -0.007 -13"><span class='ocrx_word' id='word_1_262' title='bbox 288 3459 425 3517; x_wconf 90' lang='lat' dir='ltr'><strong>mascula</strong></span> <span class='ocrx_word' id='word_1_263' title='bbox 456 3475 584 3516; x_wconf 91' lang='lat' dir='ltr'><strong>caesura</strong></span> <span class='ocrx_word' id='word_1_264' title='bbox 610 3474 673 3514; x_wconf 91' lang='lat' dir='ltr'><strong>non</strong></span> <span class='ocrx_word' id='word_1_265' title='bbox 701 3457 838 3514; x_wconf 87' lang='lat' dir='ltr'><strong>sentitur.</strong></span> <span class='ocrx_word' id='word_1_266' title='bbox 883 3455 1017 3530; x_wconf 89' lang='lat' dir='ltr'><strong>denique</strong></span> <span class='ocrx_word' id='word_1_267' title='bbox 1049 3461 1122 3529; x_wconf 92' lang='lat' dir='ltr'><strong>post</strong></span> <span class='ocrx_word' id='word_1_268' title='bbox 1149 3453 1230 3509; x_wconf 90' lang='lat' dir='ltr'><strong>arsin</strong></span> <span class='ocrx_word' id='word_1_269' title='bbox 1268 3460 1390 3510; x_wconf 85' lang='lat' dir='ltr'><strong>sextam</strong></span> 
     </span>
     <span class='ocr_line' id='line_1_33' title="bbox 289 3553 1387 3634; baseline -0.007 -16"><span class='ocrx_word' id='word_1_270' title='bbox 289 3576 511 3634; x_wconf 90' lang='lat' dir='ltr'><strong>nonnunquam</strong></span> <span class='ocrx_word' id='word_1_271' title='bbox 535 3576 663 3616; x_wconf 90' lang='lat' dir='ltr'><strong>caesura</strong></span> <span class='ocrx_word' id='word_1_272' title='bbox 684 3559 731 3615; x_wconf 87' lang='lat' dir='ltr'><strong>fit:</strong></span> <span class='ocrx_word' id='word_1_273' title='bbox 754 3565 786 3614; x_wconf 94' lang='lat' dir='ltr'><strong>at</strong></span> <span class='ocrx_word' id='word_1_274' title='bbox 801 3555 1020 3631; x_wconf 90' lang='lat' dir='ltr'><strong>monosyllabo,</strong></span> <span class='ocrx_word' id='word_1_275' title='bbox 1042 3571 1103 3629; x_wconf 93' lang='lat' dir='ltr'><strong>quo</strong></span> <span class='ocrx_word' id='word_1_276' title='bbox 1125 3554 1169 3612; x_wconf 94' lang='lat' dir='ltr'><strong>sic</strong></span> <span class='ocrx_word' id='word_1_277' title='bbox 1183 3570 1288 3611; x_wconf 91' lang='lat' dir='ltr'><strong>versus</strong></span> <span class='ocrx_word' id='word_1_278' title='bbox 1305 3553 1387 3610; x_wconf 91' lang='lat' dir='ltr'><strong>clau·</strong></span> 
     </span>
     <span class='ocr_line' id='line_1_34' title="bbox 289 3649 1390 3732; baseline -0.007 -13"><span class='ocrx_word' id='word_1_279' title='bbox 289 3662 382 3729; x_wconf 88' lang='lat' dir='ltr'><strong>ditur,</strong></span> <span class='ocrx_word' id='word_1_280' title='bbox 413 3668 466 3719; x_wconf 90' lang='lat' dir='ltr'><strong>aut</strong></span> <span class='ocrx_word' id='word_1_281' title='bbox 499 3659 735 3719; x_wconf 88' lang='lat' dir='ltr'><strong>choriambicum</strong></span> <span class='ocrx_word' id='word_1_282' title='bbox 756 3656 940 3716; x_wconf 92' lang='lat' dir='ltr'><strong>vocabulum</strong></span> <span class='ocrx_word' id='word_1_283' title='bbox 970 3665 1023 3714; x_wconf 91' lang='lat' dir='ltr'><strong>aut</strong></span> <span class='ocrx_word' id='word_1_284' title='bbox 1047 3649 1289 3732; x_wconf 87' lang='lat' dir='ltr'><strong>monosyllabum</strong></span> <span class='ocrx_word' id='word_1_285' title='bbox 1318 3671 1390 3712; x_wconf 92' lang='lat' dir='ltr'><strong>cum</strong></span> 
     </span>
    </p>
   </div>
   <div class='ocr_carea' id='block_1_3' title="bbox 292 3826 485 3836">
    <p class='ocr_par' dir='ltr' id='par_1_4' title="bbox 292 3826 485 3836">
     <span class='ocr_line' id='line_1_35' title="bbox 292 3826 485 3836; baseline 0 -2"><span class='ocrx_word' id='word_1_286' title='bbox 292 3826 485 3836; x_wconf 70' lang='lat' dir='ltr'><strong>--—-.-——n.-</strong></span> 
     </span>
    </p>
   </div>
   <div class='ocr_carea' id='block_1_4' title="bbox 287 3915 1157 4251">
    <p class='ocr_par' dir='ltr' id='par_1_5' title="bbox 392 3915 1058 3983">
     <span class='ocr_line' id='line_1_36' title="bbox 392 3915 1058 3983; baseline -0.011 -14"><span class='ocrx_word' id='word_1_287' title='bbox 392 3921 414 3982; x_wconf 88' lang='lat'><strong>1)</strong></span> <span class='ocrx_word' id='word_1_288' title='bbox 433 3920 536 3969; x_wconf 86' lang='lat' dir='ltr'><strong>Tiedke</strong></span> <span class='ocrx_word' id='word_1_289' title='bbox 554 3919 572 3968; x_wconf 94' lang='lat' dir='ltr'><strong>l.</strong></span> <span class='ocrx_word' id='word_1_290' title='bbox 591 3917 609 3968; x_wconf 94' lang='lat' dir='ltr'><strong>l.</strong></span> <span class='ocrx_word' id='word_1_291' title='bbox 628 3934 654 3983; x_wconf 91' lang='lat' dir='ltr'><strong>p.</strong></span> <span class='ocrx_word' id='word_1_292' title='bbox 666 3917 707 3980; x_wconf 89' lang='lat'><strong>38.</strong></span> <span class='ocrx_word' id='word_1_293' title='bbox 728 3916 879 3967; x_wconf 81' lang='lat' dir='ltr'><strong>Volkmann</strong></span> <span class='ocrx_word' id='word_1_294' title='bbox 897 3915 916 3966; x_wconf 89' lang='lat' dir='ltr'><strong>l.</strong></span> <span class='ocrx_word' id='word_1_295' title='bbox 936 3915 954 3966; x_wconf 92' lang='lat'><strong>1.</strong></span> <span class='ocrx_word' id='word_1_296' title='bbox 973 3931 999 3979; x_wconf 92' lang='lat' dir='ltr'><strong>p.</strong></span> <span class='ocrx_word' id='word_1_297' title='bbox 1017 3925 1058 3963; x_wconf 86' lang='lat'><strong>11.</strong></span> 
     </span>
    </p>

    <p class='ocr_par' dir='ltr' id='par_1_6' title="bbox 287 4000 1157 4160">
     <span class='ocr_line' id='line_1_37' title="bbox 389 4000 1157 4075; baseline -0.007 -19"><span class='ocrx_word' id='word_1_298' title='bbox 389 4006 419 4075; x_wconf 67' lang='grc' dir='ltr'><strong>α)</strong></span> <span class='ocrx_word' id='word_1_299' title='bbox 436 4008 468 4058; x_wconf 83' lang='lat' dir='ltr'><strong>cf.</strong></span> <span class='ocrx_word' id='word_1_300' title='bbox 488 4023 529 4057; x_wconf 88' lang='lat' dir='ltr'><strong>vv.</strong></span> <span class='ocrx_word' id='word_1_301' title='bbox 551 4019 591 4066; x_wconf 88' lang='lat'><strong>14.</strong></span> <span class='ocrx_word' id='word_1_302' title='bbox 614 4006 671 4056; x_wconf 86' lang='lat'><strong>166.</strong></span> <span class='ocrx_word' id='word_1_303' title='bbox 695 4017 753 4069; x_wconf 82' lang='lat'>¹74·</span> <span class='ocrx_word' id='word_1_304' title='bbox 776 4003 835 4068; x_wconf 81' lang='lat'><strong>183.</strong></span> <span class='ocrx_word' id='word_1_305' title='bbox 855 4016 915 4055; x_wconf 88' lang='lat'><em>201.</em></span> <span class='ocrx_word' id='word_1_306' title='bbox 936 4003 996 4066; x_wconf 83' lang='lat'><strong>278.</strong></span> <span class='ocrx_word' id='word_1_307' title='bbox 1016 4002 1075 4067; x_wconf 87' lang='lat'><strong>285.</strong></span> <span class='ocrx_word' id='word_1_308' title='bbox 1096 4000 1157 4065; x_wconf 82' lang='lat'><strong>368.</strong></span> 
     </span>
     <span class='ocr_line' id='line_1_38' title="bbox 287 4093 866 4160; baseline -0.007 -14"><span class='ocrx_word' id='word_1_309' title='bbox 287 4119 289 4124; x_wconf 88' lang='lat'><em>·</em></span> <span class='ocrx_word' id='word_1_310' title='bbox 389 4094 417 4160; x_wconf 76' lang='lat'><strong>3)</strong></span> <span class='ocrx_word' id='word_1_311' title='bbox 436 4096 469 4146; x_wconf 88' lang='lat' dir='ltr'><strong>ci.</strong></span> <span class='ocrx_word' id='word_1_312' title='bbox 488 4094 642 4144; x_wconf 80' lang='lat' dir='ltr'><strong>Volkmann</strong></span> <span class='ocrx_word' id='word_1_313' title='bbox 660 4094 679 4144; x_wconf 93' lang='lat' dir='ltr'><strong>l.</strong></span> <span class='ocrx_word' id='word_1_314' title='bbox 700 4093 719 4144; x_wconf 95' lang='lat' dir='ltr'><strong>l.</strong></span> <span class='ocrx_word' id='word_1_315' title='bbox 738 4110 764 4159; x_wconf 90' lang='lat' dir='ltr'><strong>p.</strong></span> <span class='ocrx_word' id='word_1_316' title='bbox 781 4105 811 4156; x_wconf 85' lang='lat'><strong>13</strong></span> <span class='ocrx_word' id='word_1_317' title='bbox 825 4107 866 4158; x_wconf 86' lang='lat' dir='ltr'><strong>sq.</strong></span> 
     </span>
    </p>

    <p class='ocr_par' dir='ltr' id='par_1_7' title="bbox 393 4182 696 4251">
     <span class='ocr_line' id='line_1_39' title="bbox 393 4182 696 4251; baseline -0.003 -18"><span class='ocrx_word' id='word_1_318' title='bbox 393 4182 421 4251; x_wconf 90' lang='lat'><strong>4)</strong></span> <span class='ocrx_word' id='word_1_319' title='bbox 441 4183 594 4233; x_wconf 86' lang='lat' dir='ltr'><strong>Volkmann</strong></span> <span class='ocrx_word' id='word_1_320' title='bbox 612 4197 637 4248; x_wconf 96' lang='lat' dir='ltr'><strong>p.</strong></span> <span class='ocrx_word' id='word_1_321' title='bbox 655 4193 696 4232; x_wconf 84' lang='lat'><strong>12.</strong></span> 
     </span>
    </p>
   </div>
   <div class='ocr_carea' id='block_1_5' title="bbox 0 0 1568 4904">
    <p class='ocr_par' dir='ltr' id='par_1_8' title="bbox 0 0 1568 4904">
     <span class='ocr_line' id='line_1_40' title="bbox 0 0 1568 4904; baseline 0 0"><span class='ocrx_word' id='word_1_322' title='bbox 0 0 1568 4904; x_wconf 95' lang='lat' dir='ltr'><strong> </strong></span> 
     </span>
    </p>
   </div>
  </div>
 </body>
</html>
