3122 4904
704 266 748 358 ,²9

264 466 433 547 Σπαργεύς
455 487 490 533 τε
514 466 651 547 Γληνεύς
674 486 709 532 τε
733 466 926 546 χοροίτυπος
948 465 1118 548 ἀλλοφυὴς
1138 469 1174 534 δέ

183 588 234 662 qui
257 589 379 647 duobus
406 590 581 647 nominibus
614 591 743 665 propriis
776 599 848 647 ante
879 591 1143 666 penthemimeren
1173 593 1278 667 positis

180 689 316 747 nonnihil
346 688 550 766 excusatum).
589 700 622 748 at
642 708 683 747 ne
703 690 785 748 hunc
813 691 937 766 quidem
964 692 1118 766 ecphrasis
1147 709 1278 764 versum,

181 791 301 849 etiamsi
324 801 408 850 caret
430 793 480 850 illa
495 793 705 862 excusatione,
728 794 907 850 coniectura
924 795 1024 851 sanari
1045 802 1183 869 oportet:
1207 813 1279 853 nam

179 886 317 966 εἱστήκει
358 893 536 951 defenditur
575 911 620 954 vv.
658 892 725 951 160.
766 907 834 966 254.
870 891 939 966 263.
979 893 1049 967 361,
1083 912 1186 971 neque
1223 913 1278 970 pro

181 987 302 1068 Φοῖβος
324 993 408 1050 aliud
431 993 482 1049 dei
510 1010 623 1050 nomen
650 990 692 1066 (e.
715 1011 758 1067 gr.
782 989 918 1069 Δήλιος)
942 993 1188 1052 substituendum
1210 1012 1279 1052 esse

180 1092 253 1150 mihi
285 1095 484 1169 persuadeas.
522 1095 605 1152 solus
628 1092 852 1168 Triphiodorus
879 1111 916 1149 ex
941 1093 1044 1150 Nonni
1075 1096 1278 1152 sectatoribus

181 1195 304 1269 saepius
322 1195 381 1252 hac
403 1195 573 1252 hexametri
594 1193 691 1252 forma
714 1187 861 1272 (ssddd)
884 1211 957 1252 usus
978 1188 1068 1273 est2),
1091 1214 1131 1252 ne
1150 1195 1279 1253 Nonnus

181 1296 306 1371 quidem
329 1298 359 1354 in
383 1298 569 1371 argumentis
593 1296 736 1354 librorum
758 1295 849 1370 plane
872 1293 1061 1370 abstinuit2).
1095 1279 1279 1371 'quamquam

181 1413 231 1454 me
253 1415 316 1455 non
340 1397 428 1473 fugit,
460 1397 530 1456 hinc
550 1399 650 1455 versui
674 1412 712 1472 72
736 1398 968 1455 excusationem
999 1414 1063 1455 non
1093 1398 1192 1473 parari
1212 1399 1280 1455 ido·

180 1517 281 1568 neam,
317 1499 445 1557 Homeri
476 1501 586 1568 locum,
619 1517 657 1555 ex
686 1516 748 1573 quo
781 1515 900 1556 versum
932 1515 1111 1574 expressum
1133 1501 1278 1571 dicerem,

180 1599 290 1657 frustra
312 1601 458 1675 quaesivi.

278 1703 343 1761 Iam
365 1703 523 1778 quomodo
545 1703 577 1759 in
600 1703 727 1778 singulis
760 1703 892 1778 pedibus
915 1704 1046 1778 spondei
1068 1720 1086 1759 a
1108 1703 1278 1761 Nonnianis

181 1803 307 1861 admissi
342 1799 411 1873 sint,
437 1805 531 1880 paulo
554 1805 725 1862 accuratius
749 1821 910 1880 exponam.
947 1804 973 1861 si
993 1805 1089 1879 prima
1110 1804 1279 1864 hexametri

181 1904 276 1962 thesis
307 1905 400 1981 longa
427 1906 476 1974 sit,
509 1905 638 1980 primum
660 1895 800 1962 ordinem
834 1905 993 1963 metricum
1023 1922 1078 1980 per
1110 1906 1278 1963 molossum

179 2007 358 2081 plerumque
381 2005 461 2064 effici
481 2002 727 2078 Volkmannus⁴l
751 2007 926 2064 contendit:
950 2015 982 2063 at
1003 2024 1042 2062 ex
1065 2021 1103 2082 77
1122 2002 1191 2082 (56)
1213 2023 1279 2064 ver-

179 2109 274 2178 sibus,
296 2125 426 2183 quorum
446 2126 503 2183 pes
525 2109 639 2183 primus
659 2108 818 2182 spondeus
840 2115 897 2176 est,
922 2105 960 2164 28
981 2103 1049 2185 (35)
1072 2115 1190 2165 tantum
1212 2125 1278 2165 mo·

177 2209 292 2266 lossum
326 2209 481 2278 exhibent,
518 2225 558 2282 44
580 2204 647 2285 (17)
679 2209 882 2283 spondiacum
914 2209 1107 2278 vocabulum,
1140 2218 1175 2267 ut
1196 2209 1278 2267 illam

178 2310 304 2384 quidem
319 2311 418 2385 legem
433 2327 496 2366 non
511 2309 605 2367 luisse
620 2317 777 2385 appareat.
810 2309 836 2366 si
862 2325 918 2385 pes
934 2310 1088 2368 secundus
1104 2311 1278 2385 spondeum

178 2412 316 2470 continet
339 2407 583 2487 Volkmannusl)
616 2406 747 2486 priorem
784 2427 888 2468 versus
920 2419 1038 2486 partem
1070 2430 1133 2470 una
1159 2420 1277 2470 tantum

178 2529 307 2570 caesura
331 2513 448 2570 minore
470 2512 564 2570 incidi
583 2512 733 2586 probasse
754 2512 811 2568 sibi
836 2512 970 2569 videtur:
993 2529 1073 2587 quae
1097 2511 1144 2569 lex
1166 2530 1236 2572 cum
1258 2530 1277 2569 a

179 2611 382 2671 Christodoro
406 2614 437 2671 in
458 2629 498 2688 39
514 2631 552 2670 ex
572 2627 629 2687 149
653 2612 801 2682 versibus,
824 2631 843 2670 a
857 2611 970 2670 Nonno
986 2607 1092 2692 (Dion.
1104 2614 1127 2682 l,
1144 2611 1276 2688 1-416)

134 2731 138 2740 ’
177 2715 209 2771 in
232 2712 270 2788 67
294 2733 333 2772 ex
359 2731 416 2787 144
440 2714 577 2772 versibus
592 2730 715 2788 prorsus
730 2713 921 2788 neglegatur,
947 2731 1054 2772 vereor
1074 2733 1113 2771 ne
1135 2733 1277 2790 perverse

178 2813 407 2888 circumscripta
429 2815 477 2874 sit.
500 2832 537 2873 ac
558 2832 599 2872 ne
612 2811 835 2890 Wemickiusl)
857 2815 982 2890 quidem
997 2823 1081 2873 recte
1095 2813 1152 2872 hos
1166 2824 1277 2890 poetas

176 2913 209 2968 in
229 2913 311 2987 pede
330 2913 427 2971 altero
449 2922 503 2971 aut
523 2914 672 2990 bisyllabo
688 2915 859 2989 spondiaco
875 2922 927 2971 aut
949 2915 1070 2971 duobus
1093 2914 1192 2990 longis
1211 2933 1278 2973 mo·

175 3013 342 3088 nosyllabis
373 3016 558 3076 abstinuisse
592 3019 761 3079 arbitratur.
804 3021 861 3078 sed
894 3021 1018 3078 omnino
1050 3030 1122 3096 post
1153 3020 1277 3078 alterius

175 3113 266 3188 pedis
289 3117 463 3190 spondeum
485 3119 638 3177 diaeresin
659 3137 722 3177 non
742 3122 917 3182 admittunt.
939 3123 1030 3197 pauci
1053 3129 1171 3179 tantum
1193 3121 1278 3180 Chri·

176 3215 297 3273 stodori
318 3234 423 3275 versus
445 3218 516 3276 huic
537 3230 705 3296 praecepto
725 3221 883 3279 resistunt:
908 3225 968 3282 v.1
993 3217 1179 3298 (Δηΐφοβος
1205 3218 1277 3297 μέν)

175 3314 227 3372 cui
248 3333 286 3372 ex
308 3319 433 3376 nomine
455 3321 578 3396 proprio
602 3323 704 3397 aliqua
732 3324 890 3381 excusatio
912 3332 1047 3399 paratur,
1069 3342 1096 3384 v.
1108 3339 1168 3400 307
1192 3317 1277 3402 (ἀλλ’

280 3598 305 3666 ι)
325 3602 358 3653 ci.
377 3602 516 3654 Ludwich.
536 3603 554 3655 l.
577 3604 596 3655 l.
614 3621 639 3670 p.
654 3617 686 3668 43
700 3621 739 3672 sq.

278 3689 303 3749 2)
322 3690 356 3740 cf.
375 3707 417 3740 vv.
439 3702 480 3755 57.
501 3691 542 3744 60.
563 3704 595 3756 72
615 3692 693 3744 alios.
712 3700 848 3760 praeterea
858 3693 1019 3745 Claudianus
1038 3695 1144 3762 saepius
1164 3701 1190 3744 et
1207 3695 1276 3744 hanc

174 3783 204 3827 et
223 3775 288 3826 alias
304 3778 428 3828 aNonno
440 3780 535 3829 vitatas
555 3779 700 3831 hexametri
720 3782 817 3832 formas
836 3783 958 3847 (ddsds,
979 3781 1090 3850 sdsds)
1108 3782 1222 3834 admisit.
1241 3783 1274 3834 cs.

174 3864 248 3914 Mus.
267 3863 356 3917 Rhen.
376 3866 516 3926 XXXVI,
536 3877 596 3932 305.

276 3951 303 4020 3)
325 3953 359 4006 cf.
378 3955 507 4022 Koechly
525 3956 560 4006 ad
578 3970 677 4020 argum.
696 3957 714 4009 1.
735 3957 830 4010 XXV.

275 4041 303 4110 4)
321 4041 339 4095 l.
358 4042 376 4094 l.
396 4059 422 4108 p.
435 4055 477 4105 24.

279 4131 303 4194 sl
322 4130 341 4182 ¹·
360 4130 378 4183 ¹·
397 4143 477 4199 1225·

276 4219 303 4286 ⁶>
322 4219 341 4270 1·
359 4219 378 4271 1·
397 4236 423 4286 1>-
434 4232 477 4284 a.
