<?xml version="1.0" encoding="UTF-8"?>
<!DOCTYPE html PUBLIC "-//W3C//DTD XHTML 1.0 Transitional//EN"
    "http://www.w3.org/TR/xhtml1/DTD/xhtml1-transitional.dtd">
<html xmlns="http://www.w3.org/1999/xhtml" xml:lang="en" lang="en">
 <head>
  <title>
</title>
<meta http-equiv="Content-Type" content="text/html;charset=utf-8" />
  <meta name='ocr-system' content='tesseract 3.04.00' />
  <meta name='ocr-capabilities' content='ocr_page ocr_carea ocr_par ocr_line ocrx_word'/>
</head>
<body>
  <div class='ocr_page' id='page_1' title='image "./dechristodoropo00baumgoog_0027.png"; bbox 0 0 3122 4904; ppageno 0'>
   <div class='ocr_carea' id='block_1_1' title="bbox 809 265 842 315">
    <p class='ocr_par' dir='ltr' id='par_1_1' title="bbox 809 265 842 315">
     <span class='ocr_line' id='line_1_1' title="bbox 809 265 842 315; baseline 0 0"><span class='ocrx_word' id='word_1_1' title='bbox 809 265 842 315; x_wconf 88' lang='lat'>24</span> 
     </span>
    </p>
   </div>
   <div class='ocr_carea' id='block_1_2' title="bbox 279 424 1375 808">
    <p class='ocr_par' dir='ltr' id='par_1_2' title="bbox 279 424 1375 808">
     <span class='ocr_line' id='line_1_2' title="bbox 380 424 1374 505; baseline 0.002 -21"><span class='ocrx_word' id='word_1_2' title='bbox 380 427 570 485; x_wconf 86' lang='lat' dir='ltr'>Femininam</span> <span class='ocrx_word' id='word_1_3' title='bbox 593 428 681 503; x_wconf 90' lang='lat' dir='ltr'>pedis</span> <span class='ocrx_word' id='word_1_4' title='bbox 704 428 785 485; x_wconf 89' lang='lat' dir='ltr'>tertii</span> <span class='ocrx_word' id='word_1_5' title='bbox 814 445 975 486; x_wconf 86' lang='lat' dir='ltr'>caesuram</span> <span class='ocrx_word' id='word_1_6' title='bbox 996 429 1027 486; x_wconf 92' lang='lat' dir='ltr'>in</span> <span class='ocrx_word' id='word_1_7' title='bbox 1050 443 1109 504; x_wconf 79' lang='grc'>307</span> <span class='ocrx_word' id='word_1_8' title='bbox 1134 424 1272 505; x_wconf 61' lang='grc'>(3411)),</span> <span class='ocrx_word' id='word_1_9' title='bbox 1294 444 1374 486; x_wconf 88' lang='lat' dir='ltr'>mas·</span> 
     </span>
     <span class='ocr_line' id='line_1_3' title="bbox 280 524 1374 606; baseline 0.001 -20"><span class='ocrx_word' id='word_1_10' title='bbox 280 529 410 586; x_wconf 91' lang='lat' dir='ltr'>culinam</span> <span class='ocrx_word' id='word_1_11' title='bbox 442 530 473 586; x_wconf 93' lang='lat' dir='ltr'>in</span> <span class='ocrx_word' id='word_1_12' title='bbox 500 544 556 603; x_wconf 80' lang='lat'>¹09</span> <span class='ocrx_word' id='word_1_13' title='bbox 579 524 644 606; x_wconf 85' lang='lat'>(75)</span> <span class='ocrx_word' id='word_1_14' title='bbox 678 529 815 588; x_wconf 91' lang='lat' dir='ltr'>versibus</span> <span class='ocrx_word' id='word_1_15' title='bbox 849 530 1029 599; x_wconf 88' lang='lat' dir='ltr'>invenimus,</span> <span class='ocrx_word' id='word_1_16' title='bbox 1066 547 1199 604; x_wconf 87' lang='lat' dir='ltr'>quocum</span> <span class='ocrx_word' id='word_1_17' title='bbox 1234 530 1374 587; x_wconf 82' lang='lat' dir='ltr'>conseras</span> 
     </span>
     <span class='ocr_line' id='line_1_4' title="bbox 279 629 1375 706; baseline 0 -20"><span class='ocrx_word' id='word_1_18' title='bbox 279 631 364 704; x_wconf 90' lang='lat' dir='ltr'>quod</span> <span class='ocrx_word' id='word_1_19' title='bbox 387 629 518 687; x_wconf 89' lang='lat' dir='ltr'>Tiedkio</span> <span class='ocrx_word' id='word_1_20' title='bbox 542 639 667 688; x_wconf 89' lang='lat' dir='ltr'>auctore</span> <span class='ocrx_word' id='word_1_21' title='bbox 690 638 778 687; x_wconf 87' lang='lat' dir='ltr'>sexta</span> <span class='ocrx_word' id='word_1_22' title='bbox 800 629 864 686; x_wconf 88' lang='lat' dir='ltr'>fere</span> <span class='ocrx_word' id='word_1_23' title='bbox 887 629 990 688; x_wconf 92' lang='lat' dir='ltr'>Nonni</span> <span class='ocrx_word' id='word_1_24' title='bbox 1012 647 1153 687; x_wconf 89' lang='lat' dir='ltr'>versuum</span> <span class='ocrx_word' id='word_1_25' title='bbox 1174 649 1245 706; x_wconf 89' lang='lat' dir='ltr'>pars</span> <span class='ocrx_word' id='word_1_26' title='bbox 1268 647 1375 688; x_wconf 79' lang='lat' dir='ltr'>caesu-</span> 
     </span>
     <span class='ocr_line' id='line_1_5' title="bbox 279 728 1374 808; baseline 0 -20"><span class='ocrx_word' id='word_1_27' title='bbox 279 748 343 788; x_wconf 88' lang='lat' dir='ltr'>ram</span> <span class='ocrx_word' id='word_1_28' title='bbox 358 730 482 788; x_wconf 85' lang='lat' dir='ltr'>exhibet</span> <span class='ocrx_word' id='word_1_29' title='bbox 503 731 769 805; x_wconf 71' lang='lat' dir='ltr'>semiquinariam,</span> <span class='ocrx_word' id='word_1_30' title='bbox 785 732 878 788; x_wconf 86' lang='lat' dir='ltr'>ceteri</span> <span class='ocrx_word' id='word_1_31' title='bbox 894 748 1003 789; x_wconf 88' lang='lat' dir='ltr'>omnes</span> <span class='ocrx_word' id='word_1_32' title='bbox 1028 732 1214 790; x_wconf 85' lang='lat' dir='ltr'><strong>trochaicam</strong></span> <span class='ocrx_word' id='word_1_33' title='bbox 1227 728 1260 808; x_wconf 65' lang='grc'>2).</span> <span class='ocrx_word' id='word_1_34' title='bbox 1281 748 1374 788; x_wconf 86' lang='lat' dir='ltr'>causa</span> 
     </span>
    </p>
   </div>
   <div class='ocr_carea' id='block_1_3' title="bbox 189 830 1375 907">
    <p class='ocr_par' dir='ltr' id='par_1_3' title="bbox 189 830 1375 907">
     <span class='ocr_line' id='line_1_6' title="bbox 189 830 1375 907; baseline 0.001 -20"><span class='ocrx_word' id='word_1_35' title='bbox 189 863 190 866; x_wconf 61' lang='lat'><em>=</em></span> <span class='ocrx_word' id='word_1_36' title='bbox 281 849 341 906; x_wconf 91' lang='lat' dir='ltr'>qua</span> <span class='ocrx_word' id='word_1_37' title='bbox 376 832 521 892; x_wconf 90' lang='lat' dir='ltr'>commoti</span> <span class='ocrx_word' id='word_1_38' title='bbox 553 830 584 889; x_wconf 92' lang='lat' dir='ltr'>hi</span> <span class='ocrx_word' id='word_1_39' title='bbox 616 841 730 907; x_wconf 89' lang='lat' dir='ltr'>poetae</span> <span class='ocrx_word' id='word_1_40' title='bbox 763 831 939 891; x_wconf 82' lang='lat' dir='ltr'><strong>femininam</strong></span> <span class='ocrx_word' id='word_1_41' title='bbox 960 833 1049 906; x_wconf 88' lang='lat' dir='ltr'>pedis</span> <span class='ocrx_word' id='word_1_42' title='bbox 1082 833 1164 890; x_wconf 91' lang='lat' dir='ltr'>tertii</span> <span class='ocrx_word' id='word_1_43' title='bbox 1195 833 1375 890; x_wconf 90' lang='lat' dir='ltr'>incisionem</span> 
     </span>
    </p>
   </div>
   <div class='ocr_carea' id='block_1_4' title="bbox 279 932 1380 2021">
    <p class='ocr_par' dir='ltr' id='par_1_4' title="bbox 279 932 1380 2021">
     <span class='ocr_line' id='line_1_7' title="bbox 280 932 1376 1007; baseline 0 -17"><span class='ocrx_word' id='word_1_44' title='bbox 280 940 443 1007; x_wconf 83' lang='lat' dir='ltr'>tantopere</span> <span class='ocrx_word' id='word_1_45' title='bbox 464 932 663 1007; x_wconf 82' lang='lat' dir='ltr'>praetulerint</span> <span class='ocrx_word' id='word_1_46' title='bbox 692 932 890 1002; x_wconf 76' lang='lat' dir='ltr'>masculinae,</span> <span class='ocrx_word' id='word_1_47' title='bbox 920 933 1026 990; x_wconf 91' lang='lat' dir='ltr'>nescio</span> <span class='ocrx_word' id='word_1_48' title='bbox 1049 951 1088 990; x_wconf 85' lang='lat' dir='ltr'>an</span> <span class='ocrx_word' id='word_1_49' title='bbox 1110 934 1184 990; x_wconf 89' lang='lat' dir='ltr'>inde</span> <span class='ocrx_word' id='word_1_50' title='bbox 1206 933 1376 1007; x_wconf 90' lang='lat' dir='ltr'>repetenda</span> 
     </span>
     <span class='ocr_line' id='line_1_8' title="bbox 282 1033 1375 1109; baseline -0.001 -18"><span class='ocrx_word' id='word_1_51' title='bbox 282 1035 329 1102; x_wconf 91' lang='lat' dir='ltr'>sit,</span> <span class='ocrx_word' id='word_1_52' title='bbox 354 1036 438 1109; x_wconf 92' lang='lat' dir='ltr'>quod</span> <span class='ocrx_word' id='word_1_53' title='bbox 461 1033 605 1091; x_wconf 83' lang='lat' dir='ltr'>feminina</span> <span class='ocrx_word' id='word_1_54' title='bbox 628 1051 757 1092; x_wconf 88' lang='lat' dir='ltr'>caesura</span> <span class='ocrx_word' id='word_1_55' title='bbox 780 1034 952 1092; x_wconf 87' lang='lat' dir='ltr'>accuratius</span> <span class='ocrx_word' id='word_1_56' title='bbox 977 1034 1156 1092; x_wconf 81' lang='lat' dir='ltr'>hexameter</span> <span class='ocrx_word' id='word_1_57' title='bbox 1177 1035 1208 1092; x_wconf 89' lang='lat' dir='ltr'>in</span> <span class='ocrx_word' id='word_1_58' title='bbox 1231 1035 1375 1108; x_wconf 85' lang='lat' dir='ltr'>aequales</span> 
     </span>
     <span class='ocr_line' id='line_1_9' title="bbox 280 1133 1376 1211; baseline 0 -20"><span class='ocrx_word' id='word_1_59' title='bbox 280 1145 384 1210; x_wconf 88' lang='lat' dir='ltr'>partes</span> <span class='ocrx_word' id='word_1_60' title='bbox 406 1136 484 1192; x_wconf 90' lang='lat' dir='ltr'>duas</span> <span class='ocrx_word' id='word_1_61' title='bbox 512 1136 656 1192; x_wconf 90' lang='lat' dir='ltr'>dividitur</span> <span class='ocrx_word' id='word_1_62' title='bbox 678 1153 770 1210; x_wconf 91' lang='lat' dir='ltr'>quam</span> <span class='ocrx_word' id='word_1_63' title='bbox 792 1133 1006 1209; x_wconf 79' lang='lat' dir='ltr'>masculina³).</span> <span class='ocrx_word' id='word_1_64' title='bbox 1039 1136 1170 1194; x_wconf 82' lang='lat' dir='ltr'>fortasse</span> <span class='ocrx_word' id='word_1_65' title='bbox 1191 1155 1230 1194; x_wconf 90' lang='lat' dir='ltr'>ea</span> <span class='ocrx_word' id='word_1_66' title='bbox 1253 1153 1376 1211; x_wconf 88' lang='lat' dir='ltr'>quoque</span> 
     </span>
     <span class='ocr_line' id='line_1_10' title="bbox 284 1236 1375 1312; baseline 0.003 -20"><span class='ocrx_word' id='word_1_67' title='bbox 284 1237 323 1292; x_wconf 91' lang='lat' dir='ltr'>de</span> <span class='ocrx_word' id='word_1_68' title='bbox 346 1253 440 1294; x_wconf 90' lang='lat' dir='ltr'>causa</span> <span class='ocrx_word' id='word_1_69' title='bbox 461 1236 725 1311; x_wconf 78' lang='lat' dir='ltr'>penthemimeren</span> <span class='ocrx_word' id='word_1_70' title='bbox 747 1237 842 1296; x_wconf 87' lang='lat' dir='ltr'>rarius</span> <span class='ocrx_word' id='word_1_71' title='bbox 864 1237 1063 1306; x_wconf 86' lang='lat' dir='ltr'>adhibebant,</span> <span class='ocrx_word' id='word_1_72' title='bbox 1086 1239 1158 1312; x_wconf 90' lang='lat' dir='ltr'>quia</span> <span class='ocrx_word' id='word_1_73' title='bbox 1180 1255 1256 1295; x_wconf 88' lang='lat' dir='ltr'>cum</span> <span class='ocrx_word' id='word_1_74' title='bbox 1274 1237 1375 1295; x_wconf 91' lang='lat' dir='ltr'>subito</span> 
     </span>
     <span class='ocr_line' id='line_1_11' title="bbox 281 1337 1376 1413; baseline 0.002 -19"><span class='ocrx_word' id='word_1_75' title='bbox 281 1337 450 1413; x_wconf 88' lang='lat' dir='ltr'>adactylis</span> <span class='ocrx_word' id='word_1_76' title='bbox 482 1340 524 1395; x_wconf 89' lang='lat' dir='ltr'>ad</span> <span class='ocrx_word' id='word_1_77' title='bbox 556 1345 742 1412; x_wconf 89' lang='lat' dir='ltr'>anapaestos</span> <span class='ocrx_word' id='word_1_78' title='bbox 776 1340 922 1396; x_wconf 88' lang='lat' dir='ltr'>transitus</span> <span class='ocrx_word' id='word_1_79' title='bbox 955 1338 1019 1406; x_wconf 88' lang='lat' dir='ltr'>liat,</span> <span class='ocrx_word' id='word_1_80' title='bbox 1051 1356 1196 1397; x_wconf 90' lang='lat' dir='ltr'>numerus</span> <span class='ocrx_word' id='word_1_81' title='bbox 1218 1339 1376 1397; x_wconf 86' lang='lat' dir='ltr'>molestius</span> 
     </span>
     <span class='ocr_line' id='line_1_12' title="bbox 279 1435 1378 1514; baseline 0.001 -19"><span class='ocrx_word' id='word_1_82' title='bbox 279 1439 508 1513; x_wconf 90' lang='lat' dir='ltr'>interrumpitur</span> <span class='ocrx_word' id='word_1_83' title='bbox 520 1435 564 1513; x_wconf 75' lang='grc'>4);</span> <span class='ocrx_word' id='word_1_84' title='bbox 587 1447 670 1496; x_wconf 89' lang='lat' dir='ltr'>certe</span> <span class='ocrx_word' id='word_1_85' title='bbox 693 1437 763 1495; x_wconf 91' lang='lat' dir='ltr'>hinc</span> <span class='ocrx_word' id='word_1_86' title='bbox 789 1439 959 1496; x_wconf 90' lang='lat' dir='ltr'>deductum</span> <span class='ocrx_word' id='word_1_87' title='bbox 981 1446 1038 1507; x_wconf 88' lang='lat' dir='ltr'>est,</span> <span class='ocrx_word' id='word_1_88' title='bbox 1062 1441 1148 1514; x_wconf 90' lang='lat' dir='ltr'>quod</span> <span class='ocrx_word' id='word_1_89' title='bbox 1169 1457 1271 1514; x_wconf 90' lang='lat' dir='ltr'>neque</span> <span class='ocrx_word' id='word_1_90' title='bbox 1294 1439 1378 1514; x_wconf 91' lang='lat' dir='ltr'>apud</span> 
     </span>
     <span class='ocr_line' id='line_1_13' title="bbox 281 1538 1378 1614; baseline 0.001 -18"><span class='ocrx_word' id='word_1_91' title='bbox 281 1540 425 1597; x_wconf 91' lang='lat' dir='ltr'>Nonnum</span> <span class='ocrx_word' id='word_1_92' title='bbox 458 1557 560 1614; x_wconf 87' lang='lat' dir='ltr'>neque</span> <span class='ocrx_word' id='word_1_93' title='bbox 593 1542 677 1614; x_wconf 91' lang='lat' dir='ltr'>apud</span> <span class='ocrx_word' id='word_1_94' title='bbox 712 1538 945 1597; x_wconf 88' lang='lat' dir='ltr'>Christodorum</span> <span class='ocrx_word' id='word_1_95' title='bbox 972 1557 1092 1596; x_wconf 87' lang='lat' dir='ltr'>versum</span> <span class='ocrx_word' id='word_1_96' title='bbox 1120 1541 1290 1600; x_wconf 87' lang='lat' dir='ltr'>invenimus</span> <span class='ocrx_word' id='word_1_97' title='bbox 1312 1541 1378 1597; x_wconf 90' lang='lat' dir='ltr'>sola</span> 
     </span>
     <span class='ocr_line' id='line_1_14' title="bbox 280 1625 1378 1717; baseline 0.002 -20"><span class='ocrx_word' id='word_1_98' title='bbox 280 1640 520 1717; x_wconf 89' lang='lat' dir='ltr'>penthemimere</span> <span class='ocrx_word' id='word_1_99' title='bbox 542 1641 739 1698; x_wconf 88' lang='lat' dir='ltr'>instructum:</span> <span class='ocrx_word' id='word_1_100' title='bbox 762 1658 874 1716; x_wconf 89' lang='lat' dir='ltr'>nempe</span> <span class='ocrx_word' id='word_1_101' title='bbox 895 1641 1066 1698; x_wconf 90' lang='lat' dir='ltr'>masculina</span> <span class='ocrx_word' id='word_1_102' title='bbox 1089 1625 1227 1710; x_wconf 88' lang='lat' dir='ltr'>caesura,</span> <span class='ocrx_word' id='word_1_103' title='bbox 1250 1659 1289 1698; x_wconf 89' lang='lat' dir='ltr'>ne</span> <span class='ocrx_word' id='word_1_104' title='bbox 1305 1642 1378 1699; x_wconf 89' lang='lat' dir='ltr'>dac·</span> 
     </span>
     <span class='ocr_line' id='line_1_15' title="bbox 281 1743 1378 1818; baseline 0.001 -18"><span class='ocrx_word' id='word_1_105' title='bbox 281 1743 390 1818; x_wconf 82' lang='lat' dir='ltr'>tylicus</span> <span class='ocrx_word' id='word_1_106' title='bbox 402 1759 546 1799; x_wconf 90' lang='lat' dir='ltr'>numerus</span> <span class='ocrx_word' id='word_1_107' title='bbox 560 1743 649 1800; x_wconf 91' lang='lat' dir='ltr'>nimis</span> <span class='ocrx_word' id='word_1_108' title='bbox 664 1743 845 1811; x_wconf 88' lang='lat' dir='ltr'>turbaretur,</span> <span class='ocrx_word' id='word_1_109' title='bbox 870 1743 936 1800; x_wconf 88' lang='lat' dir='ltr'>aliis</span> <span class='ocrx_word' id='word_1_110' title='bbox 956 1744 1090 1802; x_wconf 89' lang='lat' dir='ltr'>caesuris</span> <span class='ocrx_word' id='word_1_111' title='bbox 1106 1743 1298 1800; x_wconf 89' lang='lat' dir='ltr'>debilitanda</span> <span class='ocrx_word' id='word_1_112' title='bbox 1312 1752 1378 1801; x_wconf 91' lang='lat' dir='ltr'>erat</span> 
     </span>
     <span class='ocr_line' id='line_1_16' title="bbox 282 1844 1379 1919; baseline 0.002 -19"><span class='ocrx_word' id='word_1_113' title='bbox 282 1845 325 1902; x_wconf 91' lang='lat' dir='ltr'>ita</span> <span class='ocrx_word' id='word_1_114' title='bbox 347 1851 381 1900; x_wconf 94' lang='lat' dir='ltr'>ut</span> <span class='ocrx_word' id='word_1_115' title='bbox 403 1852 457 1900; x_wconf 89' lang='lat' dir='ltr'>aut</span> <span class='ocrx_word' id='word_1_116' title='bbox 478 1844 619 1901; x_wconf 88' lang='lat' dir='ltr'>bucolica</span> <span class='ocrx_word' id='word_1_117' title='bbox 641 1845 756 1902; x_wconf 89' lang='lat' dir='ltr'>addita.</span> <span class='ocrx_word' id='word_1_118' title='bbox 770 1861 914 1902; x_wconf 90' lang='lat' dir='ltr'>numerus</span> <span class='ocrx_word' id='word_1_119' title='bbox 929 1844 1170 1918; x_wconf 87' lang='lat' dir='ltr'>penthemimere</span> <span class='ocrx_word' id='word_1_120' title='bbox 1192 1845 1379 1919; x_wconf 88' lang='lat' dir='ltr'>interruptus</span> 
     </span>
     <span class='ocr_line' id='line_1_17' title="bbox 284 1944 1380 2021; baseline 0.002 -21"><span class='ocrx_word' id='word_1_121' title='bbox 284 1947 315 2002; x_wconf 91' lang='lat' dir='ltr'>in</span> <span class='ocrx_word' id='word_1_122' title='bbox 337 1947 397 2003; x_wconf 87' lang='lat' dir='ltr'>line</span> <span class='ocrx_word' id='word_1_123' title='bbox 419 1962 524 2002; x_wconf 90' lang='lat' dir='ltr'>versus</span> <span class='ocrx_word' id='word_1_124' title='bbox 548 1946 767 2014; x_wconf 91' lang='lat' dir='ltr'>restitueretur,</span> <span class='ocrx_word' id='word_1_125' title='bbox 784 1954 836 2002; x_wconf 92' lang='lat' dir='ltr'>aut</span> <span class='ocrx_word' id='word_1_126' title='bbox 851 1944 1113 2020; x_wconf 91' lang='lat' dir='ltr'>hephthemimere</span> <span class='ocrx_word' id='word_1_127' title='bbox 1127 1947 1380 2021; x_wconf 89' lang='lat' dir='ltr'>praeterea-inci·</span> 
     </span>
    </p>
   </div>
   <div class='ocr_carea' id='block_1_5' title="bbox 197 2047 1380 2122">
    <p class='ocr_par' dir='ltr' id='par_1_5' title="bbox 197 2047 1380 2122">
     <span class='ocr_line' id='line_1_18' title="bbox 197 2047 1380 2122; baseline -0.003 -14"><span class='ocrx_word' id='word_1_128' title='bbox 197 2105 198 2108; x_wconf 74' lang='grc'>,</span> <span class='ocrx_word' id='word_1_129' title='bbox 287 2047 382 2104; x_wconf 91' lang='lat' dir='ltr'>dente</span> <span class='ocrx_word' id='word_1_130' title='bbox 405 2055 541 2104; x_wconf 85' lang='lat' dir='ltr'>attentus</span> <span class='ocrx_word' id='word_1_131' title='bbox 564 2049 605 2105; x_wconf 89' lang='lat' dir='ltr'>ad</span> <span class='ocrx_word' id='word_1_132' title='bbox 621 2048 758 2106; x_wconf 91' lang='lat' dir='ltr'>diversas</span> <span class='ocrx_word' id='word_1_133' title='bbox 780 2065 884 2106; x_wconf 87' lang='lat' dir='ltr'>versus</span> <span class='ocrx_word' id='word_1_134' title='bbox 910 2055 1013 2120; x_wconf 91' lang='lat' dir='ltr'>partes</span> <span class='ocrx_word' id='word_1_135' title='bbox 1035 2049 1153 2106; x_wconf 91' lang='lat' dir='ltr'>animus</span> <span class='ocrx_word' id='word_1_136' title='bbox 1176 2049 1293 2104; x_wconf 89' lang='lat' dir='ltr'>numeri</span> <span class='ocrx_word' id='word_1_137' title='bbox 1312 2065 1380 2122; x_wconf 93' lang='lat' dir='ltr'>per·</span> 
     </span>
    </p>
   </div>
   <div class='ocr_carea' id='block_1_6' title="bbox 283 2146 1380 2427">
    <p class='ocr_par' dir='ltr' id='par_1_6' title="bbox 283 2146 1380 2427">
     <span class='ocr_line' id='line_1_19' title="bbox 285 2146 1380 2224; baseline 0.005 -21"><span class='ocrx_word' id='word_1_138' title='bbox 285 2146 490 2204; x_wconf 89' lang='lat' dir='ltr'>turbationem</span> <span class='ocrx_word' id='word_1_139' title='bbox 512 2149 636 2222; x_wconf 85' lang='lat' dir='ltr'>singulis</span> <span class='ocrx_word' id='word_1_140' title='bbox 659 2149 733 2206; x_wconf 92' lang='lat' dir='ltr'>locis</span> <span class='ocrx_word' id='word_1_141' title='bbox 748 2149 848 2206; x_wconf 89' lang='lat' dir='ltr'>minus</span> <span class='ocrx_word' id='word_1_142' title='bbox 862 2151 995 2224; x_wconf 86' lang='lat' dir='ltr'>graviter</span> <span class='ocrx_word' id='word_1_143' title='bbox 1016 2151 1114 2210; x_wconf 85' lang='lat' dir='ltr'>ferret.</span> <span class='ocrx_word' id='word_1_144' title='bbox 1138 2158 1170 2207; x_wconf 89' lang='lat' dir='ltr'>at</span> <span class='ocrx_word' id='word_1_145' title='bbox 1192 2149 1380 2208; x_wconf 89' lang='lat' dir='ltr'>trochaicam</span> 
     </span>
     <span class='ocr_line' id='line_1_20' title="bbox 283 2245 1379 2328; baseline 0.004 -22"><span class='ocrx_word' id='word_1_146' title='bbox 283 2250 373 2324; x_wconf 89' lang='lat' dir='ltr'>pedis</span> <span class='ocrx_word' id='word_1_147' title='bbox 395 2249 475 2306; x_wconf 92' lang='lat' dir='ltr'>tertii</span> <span class='ocrx_word' id='word_1_148' title='bbox 498 2267 657 2308; x_wconf 86' lang='lat' dir='ltr'>caesuram</span> <span class='ocrx_word' id='word_1_149' title='bbox 677 2250 774 2307; x_wconf 88' lang='lat' dir='ltr'>solam</span> <span class='ocrx_word' id='word_1_150' title='bbox 790 2251 936 2308; x_wconf 85' lang='lat' dir='ltr'>exhibent</span> <span class='ocrx_word' id='word_1_151' title='bbox 953 2268 987 2308; x_wconf 94' lang='lat'>21</span> <span class='ocrx_word' id='word_1_152' title='bbox 1008 2245 1076 2328; x_wconf 91' lang='grc'>(36)</span> <span class='ocrx_word' id='word_1_153' title='bbox 1093 2251 1249 2326; x_wconf 89' lang='lat' dir='ltr'>ecphrasis</span> <span class='ocrx_word' id='word_1_154' title='bbox 1265 2268 1379 2310; x_wconf 91' lang='lat' dir='ltr'>versus.</span> 
     </span>
     <span class='ocr_line' id='line_1_21' title="bbox 382 2350 1379 2427; baseline 0.004 -21"><span class='ocrx_word' id='word_1_155' title='bbox 382 2350 418 2406; x_wconf 93' lang='lat' dir='ltr'>ln</span> <span class='ocrx_word' id='word_1_156' title='bbox 440 2359 614 2408; x_wconf 90' lang='lat' dir='ltr'>transcursu</span> <span class='ocrx_word' id='word_1_157' title='bbox 637 2350 686 2409; x_wconf 95' lang='lat' dir='ltr'>hic</span> <span class='ocrx_word' id='word_1_158' title='bbox 709 2351 792 2408; x_wconf 88' lang='lat' dir='ltr'>aliud</span> <span class='ocrx_word' id='word_1_159' title='bbox 823 2360 961 2427; x_wconf 87' lang='lat' dir='ltr'>tangam:</span> <span class='ocrx_word' id='word_1_160' title='bbox 995 2353 1191 2427; x_wconf 88' lang='lat' dir='ltr'>perlustranti</span> <span class='ocrx_word' id='word_1_161' title='bbox 1217 2352 1299 2408; x_wconf 89' lang='lat' dir='ltr'>enim</span> <span class='ocrx_word' id='word_1_162' title='bbox 1321 2351 1379 2410; x_wconf 90' lang='lat' dir='ltr'>hos</span> 
     </span>
    </p>
   </div>
   <div class='ocr_carea' id='block_1_7' title="bbox 282 2447 1381 3134">
    <p class='ocr_par' dir='ltr' id='par_1_7' title="bbox 282 2447 1381 3134">
     <span class='ocr_line' id='line_1_22' title="bbox 283 2447 1379 2531; baseline 0.001 -24"><span class='ocrx_word' id='word_1_163' title='bbox 283 2467 317 2508; x_wconf 92' lang='lat'>21</span> <span class='ocrx_word' id='word_1_164' title='bbox 335 2447 400 2526; x_wconf 84' lang='grc'>(36)</span> <span class='ocrx_word' id='word_1_165' title='bbox 416 2469 520 2508; x_wconf 92' lang='lat' dir='ltr'>versus</span> <span class='ocrx_word' id='word_1_166' title='bbox 540 2453 603 2526; x_wconf 83' lang='lat' dir='ltr'>inp</span> <span class='ocrx_word' id='word_1_167' title='bbox 623 2453 758 2510; x_wconf 86' lang='lat' dir='ltr'>versibus</span> <span class='ocrx_word' id='word_1_168' title='bbox 771 2447 797 2531; x_wconf 73' lang='grc' dir='ltr'>ὅ)</span> <span class='ocrx_word' id='word_1_169' title='bbox 819 2471 948 2512; x_wconf 87' lang='lat' dir='ltr'>caesura</span> <span class='ocrx_word' id='word_1_170' title='bbox 964 2453 1251 2528; x_wconf 88' lang='lat' dir='ltr'>hephthemimeres‚</span> <span class='ocrx_word' id='word_1_171' title='bbox 1274 2453 1304 2509; x_wconf 92' lang='lat' dir='ltr'>in</span> <span class='ocrx_word' id='word_1_172' title='bbox 1320 2469 1337 2526; x_wconf 92' lang='grc'>3</span> <span class='ocrx_word' id='word_1_173' title='bbox 1352 2451 1379 2527; x_wconf 67' lang='grc' dir='ltr'>ο)</span> 
     </span>
     <span class='ocr_line' id='line_1_23' title="bbox 283 2551 1380 2622; baseline 0.002 -14"><span class='ocrx_word' id='word_1_174' title='bbox 283 2551 515 2610; x_wconf 87' lang='lat' dir='ltr'>trithemimeres</span> <span class='ocrx_word' id='word_1_175' title='bbox 540 2555 583 2611; x_wconf 89' lang='lat' dir='ltr'>ita</span> <span class='ocrx_word' id='word_1_176' title='bbox 613 2553 750 2610; x_wconf 90' lang='lat' dir='ltr'>adhibita</span> <span class='ocrx_word' id='word_1_177' title='bbox 784 2555 944 2622; x_wconf 88' lang='lat' dir='ltr'>videbitur,</span> <span class='ocrx_word' id='word_1_178' title='bbox 975 2562 1009 2610; x_wconf 96' lang='lat' dir='ltr'>ut</span> <span class='ocrx_word' id='word_1_179' title='bbox 1037 2555 1117 2611; x_wconf 91' lang='lat' dir='ltr'>inter</span> <span class='ocrx_word' id='word_1_180' title='bbox 1139 2555 1218 2610; x_wconf 89' lang='lat' dir='ltr'>duas</span> <span class='ocrx_word' id='word_1_181' title='bbox 1240 2555 1380 2612; x_wconf 91' lang='lat' dir='ltr'>vocabuli</span> 
     </span>
     <span class='ocr_line' id='line_1_24' title="bbox 287 2655 1380 2730; baseline 0.003 -20"><span class='ocrx_word' id='word_1_182' title='bbox 287 2655 448 2727; x_wconf 90' lang='lat' dir='ltr'>compositi</span> <span class='ocrx_word' id='word_1_183' title='bbox 469 2655 633 2729; x_wconf 90' lang='lat' dir='ltr'>particulas</span> <span class='ocrx_word' id='word_1_184' title='bbox 655 2673 783 2712; x_wconf 91' lang='lat' dir='ltr'>caesura</span> <span class='ocrx_word' id='word_1_185' title='bbox 798 2656 923 2714; x_wconf 86' lang='lat' dir='ltr'>incidat.</span> <span class='ocrx_word' id='word_1_186' title='bbox 941 2656 1097 2730; x_wconf 90' lang='lat' dir='ltr'>quaeritur</span> <span class='ocrx_word' id='word_1_187' title='bbox 1111 2663 1212 2712; x_wconf 90' lang='lat' dir='ltr'>utrum</span> <span class='ocrx_word' id='word_1_188' title='bbox 1227 2656 1380 2713; x_wconf 89' lang='lat' dir='ltr'>eiusmodi</span> 
     </span>
     <span class='ocr_line' id='line_1_25' title="bbox 285 2755 1381 2832; baseline 0.002 -20"><span class='ocrx_word' id='word_1_189' title='bbox 285 2773 433 2813; x_wconf 89' lang='lat' dir='ltr'>caesurae</span> <span class='ocrx_word' id='word_1_190' title='bbox 456 2756 495 2812; x_wconf 91' lang='lat' dir='ltr'>ab</span> <span class='ocrx_word' id='word_1_191' title='bbox 519 2755 564 2812; x_wconf 92' lang='lat' dir='ltr'>his</span> <span class='ocrx_word' id='word_1_192' title='bbox 586 2757 686 2830; x_wconf 92' lang='lat' dir='ltr'>poetis</span> <span class='ocrx_word' id='word_1_193' title='bbox 709 2765 875 2832; x_wconf 90' lang='lat' dir='ltr'>perceptae</span> <span class='ocrx_word' id='word_1_194' title='bbox 908 2758 968 2813; x_wconf 91' lang='lat' dir='ltr'>sint</span> <span class='ocrx_word' id='word_1_195' title='bbox 1003 2758 1126 2814; x_wconf 90' lang='lat' dir='ltr'>auribus</span> <span class='ocrx_word' id='word_1_196' title='bbox 1154 2774 1263 2826; x_wconf 90' lang='lat' dir='ltr'>necne,</span> <span class='ocrx_word' id='word_1_197' title='bbox 1295 2757 1381 2831; x_wconf 88' lang='lat' dir='ltr'>quod</span> 
     </span>
     <span class='ocr_line' id='line_1_26' title="bbox 284 2851 1380 2936; baseline 0.003 -25"><span class='ocrx_word' id='word_1_198' title='bbox 284 2856 357 2912; x_wconf 91' lang='lat' dir='ltr'>mihi</span> <span class='ocrx_word' id='word_1_199' title='bbox 380 2857 505 2931; x_wconf 88' lang='lat' dir='ltr'>quidem</span> <span class='ocrx_word' id='word_1_200' title='bbox 526 2859 702 2931; x_wconf 82' lang='lat' dir='ltr'>negandum</span> <span class='ocrx_word' id='word_1_201' title='bbox 722 2875 791 2915; x_wconf 88' lang='lat' dir='ltr'>esse</span> <span class='ocrx_word' id='word_1_202' title='bbox 811 2858 938 2916; x_wconf 89' lang='lat' dir='ltr'>videtur.</span> <span class='ocrx_word' id='word_1_203' title='bbox 955 2875 1066 2914; x_wconf 90' lang='lat' dir='ltr'>novem</span> <span class='ocrx_word' id='word_1_204' title='bbox 1084 2851 1151 2936; x_wconf 83' lang='grc'>(26)</span> <span class='ocrx_word' id='word_1_205' title='bbox 1168 2859 1248 2914; x_wconf 90' lang='lat' dir='ltr'>enim</span> <span class='ocrx_word' id='word_1_206' title='bbox 1264 2874 1380 2926; x_wconf 77' lang='lat' dir='ltr'>versuS,</span> 
     </span>
     <span class='ocr_line' id='line_1_27' title="bbox 284 2957 1380 3033; baseline 0.002 -21"><span class='ocrx_word' id='word_1_207' title='bbox 284 2957 335 3032; x_wconf 90' lang='lat' dir='ltr'>qui</span> <span class='ocrx_word' id='word_1_208' title='bbox 358 2958 473 3015; x_wconf 88' lang='lat' dir='ltr'>exiliis</span> <span class='ocrx_word' id='word_1_209' title='bbox 498 2973 532 3014; x_wconf 90' lang='lat'>21</span> <span class='ocrx_word' id='word_1_210' title='bbox 559 2965 675 3015; x_wconf 89' lang='lat' dir='ltr'>restant</span> <span class='ocrx_word' id='word_1_211' title='bbox 697 2959 781 3016; x_wconf 89' lang='lat' dir='ltr'>nulla</span> <span class='ocrx_word' id='word_1_212' title='bbox 803 2958 856 3016; x_wconf 91' lang='lat' dir='ltr'>tali</span> <span class='ocrx_word' id='word_1_213' title='bbox 878 2975 1008 3016; x_wconf 89' lang='lat' dir='ltr'>caesura</span> <span class='ocrx_word' id='word_1_214' title='bbox 1029 2958 1116 3015; x_wconf 90' lang='lat' dir='ltr'>incisi</span> <span class='ocrx_word' id='word_1_215' title='bbox 1138 2959 1253 3033; x_wconf 93' lang='lat' dir='ltr'>optime</span> <span class='ocrx_word' id='word_1_216' title='bbox 1276 2975 1310 3016; x_wconf 93' lang='lat' dir='ltr'>se</span> <span class='ocrx_word' id='word_1_217' title='bbox 1325 2959 1380 3015; x_wconf 90' lang='lat' dir='ltr'>ha·</span> 
     </span>
     <span class='ocr_line' id='line_1_28' title="bbox 282 3057 1381 3134; baseline 0.002 -20"><span class='ocrx_word' id='word_1_218' title='bbox 282 3057 366 3127; x_wconf 91' lang='lat' dir='ltr'>bent,</span> <span class='ocrx_word' id='word_1_219' title='bbox 388 3075 490 3132; x_wconf 86' lang='lat' dir='ltr'>neque</span> <span class='ocrx_word' id='word_1_220' title='bbox 512 3075 569 3114; x_wconf 90' lang='lat' dir='ltr'>eos</span> <span class='ocrx_word' id='word_1_221' title='bbox 589 3067 721 3134; x_wconf 84' lang='lat' dir='ltr'>excepto</span> <span class='ocrx_word' id='word_1_222' title='bbox 745 3077 831 3116; x_wconf 90' lang='lat' dir='ltr'>versu</span> <span class='ocrx_word' id='word_1_223' title='bbox 850 3075 906 3132; x_wconf 87' lang='lat'>114</span> <span class='ocrx_word' id='word_1_224' title='bbox 929 3077 967 3116; x_wconf 84' lang='lat' dir='ltr'>ex</span> <span class='ocrx_word' id='word_1_225' title='bbox 990 3059 1162 3134; x_wconf 87' lang='lat' dir='ltr'>antiquiore</span> <span class='ocrx_word' id='word_1_226' title='bbox 1183 3067 1278 3134; x_wconf 89' lang='lat' dir='ltr'>poeta</span> <span class='ocrx_word' id='word_1_227' title='bbox 1300 3059 1381 3116; x_wconf 91' lang='lat' dir='ltr'>deri·</span> 
     </span>
    </p>
   </div>
   <div class='ocr_carea' id='block_1_8' title="bbox 282 3375 1383 4243">
    <p class='ocr_par' dir='ltr' id='par_1_8' title="bbox 283 3375 1382 3532">
     <span class='ocr_line' id='line_1_29' title="bbox 387 3375 1382 3444; baseline -0.002 -16"><span class='ocrx_word' id='word_1_228' title='bbox 387 3375 412 3444; x_wconf 90' lang='lat'>1)</span> <span class='ocrx_word' id='word_1_229' title='bbox 432 3377 558 3428; x_wconf 89' lang='lat' dir='ltr'>cancellis</span> <span class='ocrx_word' id='word_1_230' title='bbox 572 3377 691 3427; x_wconf 90' lang='lat' dir='ltr'>inclusos</span> <span class='ocrx_word' id='word_1_231' title='bbox 705 3376 749 3426; x_wconf 87' lang='lat' dir='ltr'>hic</span> <span class='ocrx_word' id='word_1_232' title='bbox 761 3382 788 3426; x_wconf 90' lang='lat' dir='ltr'>et</span> <span class='ocrx_word' id='word_1_233' title='bbox 799 3376 868 3426; x_wconf 84' lang='lat' dir='ltr'>infra</span> <span class='ocrx_word' id='word_1_234' title='bbox 884 3392 1017 3436; x_wconf 88' lang='lat' dir='ltr'>numeros,</span> <span class='ocrx_word' id='word_1_235' title='bbox 1036 3393 1103 3443; x_wconf 90' lang='lat' dir='ltr'>quos</span> <span class='ocrx_word' id='word_1_236' title='bbox 1122 3391 1155 3426; x_wconf 88' lang='lat' dir='ltr'>ex</span> <span class='ocrx_word' id='word_1_237' title='bbox 1166 3376 1260 3426; x_wconf 89' lang='lat' dir='ltr'>Nonni</span> <span class='ocrx_word' id='word_1_238' title='bbox 1268 3375 1382 3441; x_wconf 90' lang='lat' dir='ltr'>Dionys.</span> 
     </span>
     <span class='ocr_line' id='line_1_30' title="bbox 283 3464 716 3532; baseline 0.002 -15"><span class='ocrx_word' id='word_1_239' title='bbox 283 3464 305 3532; x_wconf 87' lang='grc' dir='ltr'>Ι,</span> <span class='ocrx_word' id='word_1_240' title='bbox 319 3467 422 3529; x_wconf 91' lang='lat'>1—416</span> <span class='ocrx_word' id='word_1_241' title='bbox 442 3467 572 3529; x_wconf 84' lang='lat' dir='ltr'>congessi,</span> <span class='ocrx_word' id='word_1_242' title='bbox 590 3467 716 3532; x_wconf 87' lang='lat' dir='ltr'>praebeo.</span> 
     </span>
    </p>

    <p class='ocr_par' dir='ltr' id='par_1_9' title="bbox 282 3553 1383 3797">
     <span class='ocr_line' id='line_1_31' title="bbox 384 3553 1383 3622; baseline 0.001 -20"><span class='ocrx_word' id='word_1_243' title='bbox 384 3554 411 3622; x_wconf 85' lang='lat'>2)</span> <span class='ocrx_word' id='word_1_244' title='bbox 429 3555 536 3605; x_wconf 88' lang='lat' dir='ltr'>minime</span> <span class='ocrx_word' id='word_1_245' title='bbox 563 3555 675 3604; x_wconf 86' lang='lat' dir='ltr'>eandem</span> <span class='ocrx_word' id='word_1_246' title='bbox 703 3555 830 3604; x_wconf 88' lang='lat' dir='ltr'>rationem</span> <span class='ocrx_word' id='word_1_247' title='bbox 858 3555 927 3605; x_wconf 89' lang='lat' dir='ltr'>iuter</span> <span class='ocrx_word' id='word_1_248' title='bbox 951 3555 1081 3604; x_wconf 85' lang='lat' dir='ltr'>masculas</span> <span class='ocrx_word' id='word_1_249' title='bbox 1100 3561 1127 3604; x_wconf 85' lang='lat' dir='ltr'>et</span> <span class='ocrx_word' id='word_1_250' title='bbox 1145 3553 1284 3603; x_wconf 84' lang='lat' dir='ltr'>semininas</span> <span class='ocrx_word' id='word_1_251' title='bbox 1303 3553 1383 3618; x_wconf 91' lang='lat' dir='ltr'>pedis</span> 
     </span>
     <span class='ocr_line' id='line_1_32' title="bbox 282 3641 1382 3706; baseline 0.003 -16"><span class='ocrx_word' id='word_1_252' title='bbox 282 3644 353 3693; x_wconf 87' lang='lat' dir='ltr'>tertii</span> <span class='ocrx_word' id='word_1_253' title='bbox 371 3659 492 3693; x_wconf 87' lang='lat' dir='ltr'>caesuras</span> <span class='ocrx_word' id='word_1_254' title='bbox 511 3644 539 3692; x_wconf 91' lang='lat' dir='ltr'>in</span> <span class='ocrx_word' id='word_1_255' title='bbox 554 3643 693 3693; x_wconf 87' lang='lat' dir='ltr'>Claudiani</span> <span class='ocrx_word' id='word_1_256' title='bbox 704 3643 922 3706; x_wconf 87' lang='lat' dir='ltr'>Gigantomachia</span> <span class='ocrx_word' id='word_1_257' title='bbox 939 3644 1104 3694; x_wconf 89' lang='lat' dir='ltr'>intercedere</span> <span class='ocrx_word' id='word_1_258' title='bbox 1116 3643 1245 3692; x_wconf 89' lang='lat' dir='ltr'>videmus.</span> <span class='ocrx_word' id='word_1_259' title='bbox 1265 3641 1298 3692; x_wconf 83' lang='lat' dir='ltr'>ci.</span> <span class='ocrx_word' id='word_1_260' title='bbox 1309 3642 1382 3694; x_wconf 88' lang='lat' dir='ltr'>Mus.</span> 
     </span>
     <span class='ocr_line' id='line_1_33' title="bbox 283 3732 603 3797; baseline 0.013 -17"><span class='ocrx_word' id='word_1_261' title='bbox 283 3732 372 3782; x_wconf 91' lang='lat' dir='ltr'>Rhen.</span> <span class='ocrx_word' id='word_1_262' title='bbox 393 3733 531 3788; x_wconf 85' lang='lat' dir='ltr'>XXXVI,</span> <span class='ocrx_word' id='word_1_263' title='bbox 543 3744 603 3797; x_wconf 87' lang='lat'>305.</span> 
     </span>
    </p>

    <p class='ocr_par' dir='ltr' id='par_1_10' title="bbox 284 3817 1383 3980">
     <span class='ocr_line' id='line_1_34' title="bbox 385 3817 1383 3887; baseline -0.004 -17"><span class='ocrx_word' id='word_1_264' title='bbox 385 3819 413 3887; x_wconf 90' lang='lat'>3)</span> <span class='ocrx_word' id='word_1_265' title='bbox 433 3821 527 3870; x_wconf 88' lang='lat' dir='ltr'>eodem</span> <span class='ocrx_word' id='word_1_266' title='bbox 546 3822 626 3872; x_wconf 90' lang='lat' dir='ltr'>modo</span> <span class='ocrx_word' id='word_1_267' title='bbox 646 3821 836 3871; x_wconf 87' lang='lat' dir='ltr'>Scheindlerus</span> <span class='ocrx_word' id='word_1_268' title='bbox 856 3821 925 3871; x_wconf 85' lang='lat' dir='ltr'>stud.</span> <span class='ocrx_word' id='word_1_269' title='bbox 945 3819 1063 3870; x_wconf 87' lang='lat' dir='ltr'>Vindob.</span> <span class='ocrx_word' id='word_1_270' title='bbox 1077 3819 1145 3868; x_wconf 89' lang='lat'>1880</span> <span class='ocrx_word' id='word_1_271' title='bbox 1153 3835 1179 3884; x_wconf 91' lang='lat' dir='ltr'>p.</span> <span class='ocrx_word' id='word_1_272' title='bbox 1191 3829 1225 3883; x_wconf 92' lang='lat'>42</span> <span class='ocrx_word' id='word_1_273' title='bbox 1244 3817 1313 3866; x_wconf 88' lang='lat' dir='ltr'>hanc</span> <span class='ocrx_word' id='word_1_274' title='bbox 1325 3832 1383 3867; x_wconf 90' lang='lat' dir='ltr'>rem</span> 
     </span>
     <span class='ocr_line' id='line_1_35' title="bbox 284 3909 515 3980; baseline 0 -22"><span class='ocrx_word' id='word_1_275' title='bbox 284 3909 407 3975; x_wconf 80' lang='lat' dir='ltr'>explicat.</span> <span class='ocrx_word' id='word_1_276' title='bbox 513 3975 515 3980; x_wconf 17' lang='grc' dir='ltr'><strong><em>Α</em></strong></span> 
     </span>
    </p>

    <p class='ocr_par' dir='ltr' id='par_1_11' title="bbox 383 3992 716 4063">
     <span class='ocr_line' id='line_1_36' title="bbox 383 3992 716 4063; baseline 0.009 -17"><span class='ocrx_word' id='word_1_277' title='bbox 383 3999 408 4058; x_wconf 82' lang='grc'>4)</span> <span class='ocrx_word' id='word_1_278' title='bbox 426 3992 461 4049; x_wconf 67' lang='grc' dir='ltr'>οίξ</span> <span class='ocrx_word' id='word_1_279' title='bbox 479 3998 633 4048; x_wconf 87' lang='lat' dir='ltr'>Volkmann</span> <span class='ocrx_word' id='word_1_280' title='bbox 651 4014 677 4063; x_wconf 89' lang='lat' dir='ltr'>p.</span> <span class='ocrx_word' id='word_1_281' title='bbox 691 3999 716 4049; x_wconf 87' lang='grc'>8.</span> 
     </span>
    </p>

    <p class='ocr_par' dir='ltr' id='par_1_12' title="bbox 384 4084 1099 4152">
     <span class='ocr_line' id='line_1_37' title="bbox 384 4084 1099 4152; baseline -0.006 -2"><span class='ocrx_word' id='word_1_282' title='bbox 384 4085 409 4152; x_wconf 84' lang='lat'>5)</span> <span class='ocrx_word' id='word_1_283' title='bbox 431 4086 473 4146; x_wconf 87' lang='lat'>⁶4·</span> <span class='ocrx_word' id='word_1_284' title='bbox 492 4087 534 4148; x_wconf 80' lang='lat'>98·</span> <span class='ocrx_word' id='word_1_285' title='bbox 557 4100 615 4152; x_wconf 81' lang='lat'>170·</span> <span class='ocrx_word' id='word_1_286' title='bbox 635 4099 695 4150; x_wconf 85' lang='lat'><strong>224·</strong></span> <span class='ocrx_word' id='word_1_287' title='bbox 717 4099 777 4150; x_wconf 77' lang='lat'>302,</span> <span class='ocrx_word' id='word_1_288' title='bbox 799 4098 858 4150; x_wconf 80' lang='lat'>331·</span> <span class='ocrx_word' id='word_1_289' title='bbox 879 4086 939 4150; x_wconf 78' lang='lat'><strong>358·</strong></span> <span class='ocrx_word' id='word_1_290' title='bbox 958 4085 1019 4150; x_wconf 77' lang='lat'><strong>37⁶·</strong></span> <span class='ocrx_word' id='word_1_291' title='bbox 1038 4084 1099 4146; x_wconf 85' lang='lat'><strong>408·</strong></span> 
     </span>
    </p>

    <p class='ocr_par' dir='ltr' id='par_1_13' title="bbox 383 4173 631 4243">
     <span class='ocr_line' id='line_1_38' title="bbox 383 4173 631 4243; baseline 0.004 -18"><span class='ocrx_word' id='word_1_292' title='bbox 383 4173 409 4243; x_wconf 88' lang='grc'>6)</span> <span class='ocrx_word' id='word_1_293' title='bbox 432 4188 471 4241; x_wconf 85' lang='lat'>15.</span> <span class='ocrx_word' id='word_1_294' title='bbox 494 4186 551 4237; x_wconf 90' lang='lat'>104.</span> <span class='ocrx_word' id='word_1_295' title='bbox 570 4187 631 4238; x_wconf 84' lang='lat'><em>310.</em></span> 
     </span>
    </p>
   </div>
   <div class='ocr_carea' id='block_1_9' title="bbox 0 0 1575 4904">
    <p class='ocr_par' dir='ltr' id='par_1_14' title="bbox 0 0 1575 4904">
     <span class='ocr_line' id='line_1_39' title="bbox 0 0 1575 4904; baseline 0 0"><span class='ocrx_word' id='word_1_296' title='bbox 0 0 1575 4904; x_wconf 95' lang='lat' dir='ltr'> </span> 
     </span>
    </p>
   </div>
  </div>
 </body>
</html>
