3122 4904
716 249 747 302 25

186 424 275 475 vatos
308 433 378 474 esse
409 415 675 474 demonstraveris,
709 416 785 473 alius
819 416 912 472 etiam
945 431 1091 474 caesurae
1123 431 1228 472 versus
1252 413 1283 469 in

185 534 313 576 censum
336 519 438 575 venire
460 517 580 593 putavi:
603 534 672 575 cum
695 518 725 573 in
737 517 864 574 Homeri
886 515 1065 574 hexametro
1086 514 1283 574 trithemime-
1369 555 1371 562 .

186 633 235 674 res
256 627 288 674 et
310 617 589 692 hephthemimeres
603 619 791 675 coniunctae
806 618 918 676 adesse
936 617 1066 684 soleant,
1089 617 1283 690 eaedemque

187 717 219 774 in
242 715 432 776 Christodori
461 719 597 776 versibus
620 734 661 792 34
676 713 744 794 (46)
777 719 890 786 adsint,
924 719 1008 775 dicat
1041 717 1149 790 aliquis
1182 717 1214 772 in
1247 715 1283 772 iis

188 836 314 894 quoque
334 820 481 889 versibus,
515 821 567 896 qui
595 829 653 878 aut
685 829 807 896 praeter
828 819 1068 877 trithemimeren
1089 816 1283 894 hephthemi-

188 939 274 978 mere
301 922 331 978 in
358 921 450 979 verbo
473 923 646 997 composito
661 922 797 979 admissa
820 917 863 996 (in
879 939 925 979 vv.
945 937 981 995 13
997 909 1076 1001 [19])
1097 928 1150 977 aut
1163 926 1285 994 praeter

188 1022 471 1098 hephthemimeren
499 1023 650 1081 eiusmodi
671 1041 800 1080 caesura
823 1023 1037 1080 trithemimere
1059 1017 1105 1096 (in
1126 1038 1172 1079 vv.
1190 1034 1207 1092 5
1225 1009 1282 1100 [4])

188 1125 286 1184 secari
310 1125 475 1200 potuerint,
498 1124 736 1199 trithemimeren
769 1143 838 1182 cum
867 1122 1128 1199 hephthemimere
1148 1123 1284 1179 iunctam

105 1205 106 1208 Ἴ
189 1243 259 1284 esse
283 1226 490 1286 statuendam.
523 1235 556 1283 at
584 1226 679 1284 multo
711 1226 813 1301 plures
836 1243 941 1283 versus
965 1231 996 1281 et
1017 1225 1114 1281 solam
1136 1222 1284 1298 hephthe·
1315 1227 1317 1231 '

189 1327 337 1384 mimeren
349 1321 464 1403 (versus
478 1342 517 1399 ²4
530 1317 607 1408 [32])
621 1335 653 1384 et
664 1328 761 1384 solam
774 1327 1011 1384 trithemimeren
1025 1322 1142 1401 (versus
1155 1340 1196 1399 39
1209 1315 1286 1406 [62])

189 1435 304 1496 tenent,
327 1437 361 1486 ut
383 1447 422 1486 ne
444 1427 514 1486 hinc
537 1429 662 1503 quidem
683 1430 724 1486 de
753 1429 855 1487 dubiis
884 1429 941 1486 illis
965 1429 1099 1486 caesuris
1122 1428 1285 1504 quicquam

188 1528 346 1586 efficiatur.

288 1629 334 1686 Ex
357 1629 401 1686 eis
425 1630 569 1698 caesuris,
604 1633 684 1705 quae
716 1640 839 1706 praeter
867 1631 1074 1688 necessariam
1095 1630 1183 1705 pedis
1205 1629 1286 1692 tertii

133 1743 135 1756 '
192 1731 373 1790 incisionem
394 1731 424 1788 in
447 1729 680 1788 Nonnianorum
701 1732 885 1790 hexametris
918 1733 1029 1789 adesse
1052 1732 1162 1800 solent,
1195 1730 1286 1806 longe

192 1831 391 1890 usitatissima
413 1848 451 1890 ea
474 1840 531 1899 est,
567 1849 648 1906 quae
680 1833 820 1890 bucolica
843 1842 970 1891 vocatur
983 1825 1016 1910 ¹).
1045 1834 1129 1906 apud
1152 1829 1287 1889 Christo·

194 1933 304 1990 dorum
326 1933 393 1992 sola
413 1941 537 2008 praeter
558 1951 718 1991 caesuram
741 1934 947 1992 necessariam
970 1934 1080 2008 legitur
1101 1933 1132 1990 in
1149 1949 1204 1990 112
1221 1951 1287 1990 ver·

189 2034 283 2102 sibus,
307 2051 377 2092 cum
401 2034 619 2092 trithemimere
652 2036 755 2092 iuncta
787 2036 818 2093 in
854 2051 907 2093 121
935 2035 1082 2095 versibus.
1116 2033 1287 2092 accuratius

192 2137 403 2209 quaerendum
425 2145 482 2204 est,
506 2137 580 2211 quid
602 2139 643 2194 de
664 2138 701 2194 iis
723 2137 868 2205 versibus,
892 2137 944 2211 qui
963 2136 1104 2193 vocabuli
1120 2135 1288 2193 clausulam

193 2236 276 2292 etin
298 2235 568 2311 hephthemimeris
589 2245 622 2294 et
643 2237 674 2294 in
695 2238 854 2295 bucolicae
869 2238 1024 2295 incisionis
1040 2239 1116 2294 sede
1133 2235 1287 2305 exhibent,

190 2345 376 2396 statuamus:
410 2357 482 2396 nam
501 2348 677 2415 utramque
708 2340 850 2398 sensibus
872 2348 1050 2416 perceptam
1072 2357 1141 2396 esse
1164 2355 1287 2414 prorsus

189 2441 369 2514 negandum
391 2448 449 2499 est.
471 2441 600 2515 primum
630 2441 654 2498 si
686 2441 854 2516 pyrrhichio
876 2441 1028 2499 vocabulo
1059 2441 1154 2498 thesis
1178 2450 1287 2514 quarta

191 2539 331 2614 efficitur,
354 2559 475 2616 semper
497 2540 562 2599 iere
583 2543 739 2617 praevalet
761 2542 910 2612 bucolica,
933 2543 966 2600 id
989 2543 1074 2617 quod
1097 2542 1180 2618 apud
1203 2539 1288 2598 Chri-

193 2642 354 2699 stodorum
375 2643 407 2698 in
429 2642 468 2700 26
484 2639 532 2718 (9)
548 2659 586 2699 ex
607 2643 647 2716 36
664 2637 733 2720 (30)
756 2644 893 2701 versibus
915 2643 1162 2718 interpunctione
1184 2642 1288 2700 certis·

193 2742 269 2800 sime
290 2742 457 2816 indicatnr;
481 2744 522 2800 de
547 2744 619 2801 solis
640 2745 775 2803 versibus
802 2744 871 2820 369,
895 2759 954 2821 407
974 2745 1108 2813 dubites,
1132 2743 1183 2800 ubi
1197 2759 1289 2817 prop·

193 2851 241 2900 ter
262 2859 385 2900 sensum
409 2843 694 2919 hephthemimeren
707 2846 886 2920 praeferres,
904 2847 962 2903 nisi
977 2845 1065 2902 nimis
1076 2861 1172 2920 prope
1184 2844 1289 2901 adsta-

189 2950 237 3001 ret
268 2944 348 3000 tertii
381 2945 470 3019 pedis
504 2962 651 3003 caesurae
678 2947 771 3003 etiam
792 2946 1039 3022 interpunctione
1062 2945 1288 3003 corroboratae.

190 3043 238 3100 sin
253 3044 345 3118 longa
360 3045 476 3120 syllaba
497 3045 593 3104 thesis
616 3056 724 3122 quarta
746 3045 875 3104 efficitur
888 3045 924 3122 ἲ),
955 3047 1040 3121 quod
1062 3047 1093 3102 in
1116 3045 1136 3103 6
1155 3039 1202 3122 (2)
1225 3063 1290 3102 ver·

191 3144 277 3201 sibus
290 3143 481 3204 Christodori
502 3148 662 3217 invenitur,
685 3165 779 3205 sensu
802 3149 916 3222 ubique
938 3135 1216 3223 hephthemimeres
1236 3147 1289 3203 fla·

190 3246 320 3321 gitatu13
352 3247 384 3305 in
420 3248 516 3306 tribus
549 3267 588 3306 ex
616 3249 662 3308 his
684 3249 703 3307 6
726 3250 863 3308 versibus
893 3251 988 3308 etiam
1013 3249 1237 3324 interpungitur
1257 3249 1289 3305 in

189 3347 266 3404 sede
288 3346 565 3424 hephthemimeris.
1026 3327 1028 3332 Ι

194 3523 394 3534 —.-—-.

291 3632 317 3700 1)
336 3634 368 3684 cs.
388 3649 456 3699 quae
475 3635 507 3686 G.
518 3634 621 3684 Kaibel
644 3642 783 3685 comment.
802 3634 976 3684 inhonorem
988 3635 1112 3684 Momms.
1131 3649 1156 3698 p.
1169 3633 1220 3696 326
1232 3649 1289 3697 sqq.

164 3767 166 3772 .
190 3721 293 3771 dehac
312 3722 427 3772 diaeresi
445 3723 472 3772 iu
491 3723 685 3788 epigrammatis
704 3722 862 3773 Callimachi
880 3729 906 3772 et
925 3722 1101 3772 recentiorum
1119 3721 1292 3770 usitatissima

191 3811 322 3873 sagaciter
341 3811 531 3862 animadvertit.

292 3898 318 3968 2)
338 3908 364 3950 et
383 3901 454 3966 apud
472 3901 599 3950 Nonnum
620 3907 646 3951 et
667 3901 694 3950 in
714 3900 882 3951 Christodori
900 3901 1014 3951 camme
1032 3915 1136 3965 semper
1156 3900 1211 3948 iere
1235 3895 1290 3964 (ex-

186 3996 267 4055 cepto
287 4005 312 4040 v.
327 3988 385 4054 176,
404 3989 452 4038 ubi
468 3987 510 4052 τίς
529 3987 638 4055 legitur)
664 3989 709 4041 καὶ
729 3997 773 4039 aut
801 3989 835 4042 οὐ
861 3989 913 4038 hoc
931 4004 1023 4038 versus
1041 3988 1103 4038 loco
1123 3994 1212 4038 extant
1229 4002 1288 4037 cum

186 4093 221 4129 eo
241 4078 314 4142 qnod
333 4077 452 4143 sequitur
471 4078 603 4128 vocabulo
623 4084 677 4128 tam
696 4084 751 4127 arte
769 4077 869 4138 iuncta,
894 4084 924 4127 ut
942 4077 1065 4128 bucolica
1082 4076 1211 4126 diaeresis
1230 4091 1284 4125 non

189 4165 327 4218 sentiatur.
