3122 4904
803 953 851 1027 11.

677 1136 731 1196 De
758 1151 797 1194 re
819 1133 981 1194 metrica.

380 1321 468 1380 Haec
490 1321 642 1378 derebus
674 1337 751 1395 quas
785 1322 963 1377 tractandas
991 1320 1049 1377 sibi
1076 1319 1237 1396 proposuit
1270 1327 1378 1395 poeta;

280 1425 342 1482 iam
364 1424 405 1481 ad
426 1423 555 1481 formam
584 1423 780 1491 accedamus,
816 1439 878 1496 qua
907 1422 1076 1479 sententias
1108 1439 1180 1478 suas
1212 1420 1377 1490 incluserit,

281 1543 319 1582 ac
339 1525 469 1600 primurn
492 1524 617 1599 quidem
638 1523 807 1597 pleniorem
830 1524 873 1579 rei
897 1523 1043 1580 metricae
1066 1522 1274 1598 cognitionem
1297 1539 1379 1580 asse·

282 1644 418 1701 quamur.
456 1643 517 1700 qua
550 1625 580 1683 in
613 1641 645 1680 re
679 1622 913 1681 Christodorum
938 1621 1040 1680 Nonni
1073 1630 1260 1680 sectatorem
1286 1622 1380 1680 fuisse

282 1728 399 1784 dudum
422 1735 558 1784 constat:
581 1733 613 1782 at
635 1726 898 1799 quemadmodum
921 1725 1004 1781 illum
1022 1732 1147 1781 secutus
1171 1725 1220 1793 sit,
1242 1725 1380 1782 nondum

282 1829 355 1886 satis
372 1828 561 1901 exploratum
577 1835 635 1883 est.
658 1843 728 1884 cum
750 1825 810 1884 hoc
831 1827 1085 1902 perscrutandum
1100 1834 1299 1901 suscepturus
1314 1825 1380 1894 sim,

282 1936 346 1986 turn
369 1929 452 1986 aliud
476 1929 569 1986 etiam
592 1928 763 2002 temptabo;
794 1927 931 2001 quamvis
955 1927 1035 1983 enirn
1065 1925 1161 1984 multa
1169 1920 1201 2004 ¹)¹
1216 1928 1257 1984 de
1278 1927 1381 1983 metri-

284 2031 327 2110 cis
349 2029 451 2086 Nonni
473 2029 710 2103 proprietatibus
733 2029 842 2086 avitis
866 2028 967 2086 doctis
988 2027 1157 2103 perquisita
1180 2027 1248 2098 sint,
1277 2036 1381 2085 tamen

282 2129 397 2187 nonin
422 2146 516 2184 unum
539 2129 639 2185 locum
663 2129 777 2186 collata
799 2145 902 2203 neque
927 2129 971 2185 ita
1000 2129 1151 2204 disposita
1173 2145 1211 2184 ea
1233 2127 1381 2198 invenias,

283 2239 316 2287 ut
350 2230 491 2287 absoluta
525 2230 567 2286 rei
601 2230 702 2306 imago
735 2230 893 2289 efficiatur.
923 2229 1026 2305 itaque
1049 2239 1081 2286 et
1102 2247 1314 2305 quaecumque
1340 2232 1383 2288 ad

283 2331 500 2389 delineandam
539 2330 618 2388 hanc
647 2331 810 2406 imaginem
836 2331 904 2388 usui
936 2340 1014 2400 sunt,
1045 2331 1182 2406 undique
1216 2348 1382 2405 congeram

283 2441 405 2489 etcum
430 2431 562 2490 metricis
590 2430 693 2490 Nonni
715 2431 833 2506 legibus
856 2433 900 2489 sic
927 2449 1019 2505 qnam
1049 2432 1277 2490 accuratissime
1309 2450 1384 2491 con·

283 2533 397 2590 stitutis
420 2531 610 2592 Christodori
638 2541 733 2591 artem
755 2533 867 2608 ubique
891 2532 1087 2608 comparabo

383 2707 407 2794 ξ.
436 2727 461 2770 1.
495 2709 617 2767 Initium
639 2710 750 2768 faciam
766 2729 786 2768 a
806 2710 985 2778 caesuris,
1008 2725 1137 2784 quarum
1152 2727 1191 2766 ex
1206 2726 1262 2766 usu
1278 2709 1383 2768 unius-

284 2813 432 2886 cuiusque
454 2819 567 2887 poetae
593 2830 641 2869 ars
665 2821 695 2868 et
717 2810 872 2886 ingenium
887 2809 1127 2867 luculentissime
1149 2809 1383 2885 perspiciuntur.

284 2913 334 2970 hic
355 2913 416 2970 iarn
437 2913 601 2995 proferam,
624 2914 710 2988 quod
731 2912 773 2970 ad
795 2912 967 2968 universam
979 2908 1211 2968 Nonnianorum
1232 2927 1297 2967 rem
1318 2927 1385 2966 me·

284 3013 389 3072 tricam
412 3021 545 3088 spectat:
569 3013 652 3088 leges
674 3013 784 3088 quibus
807 3029 1003 3070 caesurarum
1028 3029 1117 3070 usum
1140 3011 1386 3086 circumscripse-

387 3296 412 3366 1)
432 3298 661 3348 commemoranda
678 3303 739 3347 sunt
757 3313 820 3363 prae
839 3297 945 3347 ceteris:

284 3388 316 3438 G.
335 3389 484 3438 Hermann:
504 3387 629 3453 Orphica.

284 3477 444 3528 Werniclre:
463 3478 498 3527 ad
516 3475 731 3542 Triphiodorum.

284 3567 316 3617 E.
336 3565 469 3617 Gerhard:
489 3565 619 3615 lectiones
637 3564 844 3631 Apollonianae.

285 3655 314 3706 C.
333 3655 431 3706 Lehrs:
450 3655 621 3721 quaestiones
643 3653 742 3719 epicae.

285 3745 322 3794 R.
342 3743 509 3793 Volkmann:
530 3743 763 3794 commentationes
782 3741 881 3808 epicae.

284 3831 427 3880 Ludwich:
448 3830 562 3896 symbol.
583 3831 664 3882 critic.
685 3830 719 3879 ad
736 3830 871 3880 Nonnum.

285 3918 453 3971 Scheindler:
474 3921 643 3985 quaestiones
662 3919 828 3969 Nonnianae.

283 4008 399 4058 Tiedke:
418 4007 588 4073 quaestiones
608 4006 774 4058 Nonnianae.

283 4097 396 4146 aliorum
414 4097 615 4148 observationes
634 4097 662 4146 in
680 4096 819 4146 annalibus
841 4094 1015 4162 philologieis
1034 4095 1121 4145 editae
1135 4110 1183 4144 suo
1195 4108 1302 4160 quoque
1314 4094 1380 4145 loco

288 4185 483 4239 indicabuntur.
