3122 4904
803 280 836 336 32

273 445 300 507 τ’
324 465 362 504 ex
383 463 419 507 τε
441 453 551 516 ortum,
585 449 670 522 quod
692 446 822 508 Nonnus
852 448 1030 523 saepissime
1061 443 1212 517 adhibuit,
1235 441 1371 506 Christo·

276 549 371 608 dorus
393 557 497 607 autem
520 557 552 606 et
573 548 706 606 loannes
725 547 867 606 Gazaeus
890 549 1016 608 consilio
1040 549 1195 607 devitasse
1219 550 1370 606 videntur.

374 651 400 720 g.
423 666 453 722 4.
488 649 625 706 Hiatus
659 665 751 724 quem
783 658 868 707 recte
897 651 942 708 sic
972 650 1172 726 appellaveris
1194 651 1298 717 oritur,
1320 650 1372 706 ubi

275 750 414 808 vocabuli
445 751 476 806 in
508 750 646 808 vocalem
677 751 817 808 exeuntis
851 749 957 808 ultima
984 750 1101 824 syllaba
1128 762 1200 809 ante
1223 748 1370 819 vocalem,

275 868 295 906 a
318 868 379 926 qua
401 867 534 926 sequens
556 851 680 908 verbum
701 851 817 927 incipit,
839 867 903 908 non
918 859 967 908 est
980 852 1011 908 in
1028 852 1097 919 arsi,
1113 868 1215 925 neque
1237 852 1263 908 si
1277 851 1371 925 longa

275 961 333 1021 est,
357 953 514 1027 corripitur
528 945 562 1026 ¹).
594 953 680 1026 quod
702 951 803 1010 hiatus
825 968 922 1028 genus
946 970 1015 1009 cum
1037 952 1264 1010 recentissImus
1290 951 1372 1025 quis·

275 1070 334 1128 que
365 1061 458 1128 poeta
480 1053 611 1110 maxime
641 1051 779 1128 fugisset,
808 1052 937 1110 Nonnus
975 1053 1034 1110 iam
1070 1053 1160 1127 plane
1183 1051 1311 1110 exclusit
1332 1068 1371 1107 ex

275 1154 468 1221 hexametr03
501 1155 568 1212 eius
603 1153 703 1211 hiatus
736 1153 878 1229 exempla
910 1155 940 1210 in
971 1154 1130 1211 codicibus
1154 1153 1266 1210 tradita
1287 1150 1371 1209 nullo

274 1256 400 1329 negotio
415 1255 634 1312 emaculantur.
658 1252 891 1312 Christodorum
905 1255 1041 1328 magistri
1057 1252 1156 1328 legem
1179 1253 1371 1310 severissime

276 1356 457 1414 observasse
480 1365 620 1431 apparet:
654 1373 691 1412 ac
722 1356 852 1430 primum
884 1355 1009 1430 quidem
1031 1355 1130 1412 brevis
1160 1354 1274 1412 vocalis
1299 1362 1372 1411 ante

278 1457 415 1514 vocalem
436 1474 590 1530 nusquam
612 1465 726 1526 manet,
749 1457 807 1514 nisi
828 1465 901 1514 ante
917 1452 932 1516 έ
949 1451 1008 1531 (νν.
1025 1473 1075 1531 3ο.
1088 1452 1139 1533 43)
1156 1466 1187 1514 et
1202 1451 1232 1516 οἱ
1247 1454 1306 1530 (vv.
1322 1472 1372 1531 90.

277 1573 347 1632 233.
364 1554 450 1634 348),
472 1559 632 1633 inquibus
654 1558 815 1633 pristinum
840 1557 857 1618 f
879 1559 1012 1616 eandem
1035 1560 1103 1626 vim,
1126 1576 1219 1634 quam
1235 1558 1373 1616 Homero

275 1661 470 1734 praestiterat
499 1660 593 1716 etiam
614 1658 661 1716 his
682 1661 783 1735 poetis
817 1660 919 1718 insciis
944 1661 1104 1718 obtinebat
1116 1657 1153 1734 2).
1188 1660 1373 1718 homericam

276 1759 437 1818 formulam
469 1756 547 1820 κλέα
575 1754 704 1834 ἀνδρων
728 1758 945 1822 Christodorus
976 1760 1172 1835 Apollonium
1209 1769 1333 1817 secutus
1346 1755 1373 1836 ³)

276 1879 302 1922 v
320 1859 412 1936 378
404 1879 436 1918 m
456 1857 534 1920 κλέα
555 1860 676 1935 φωτῶν
699 1862 837 1930 mutavit,
861 1862 975 1920 eodem
989 1861 1090 1920 hiatus
1110 1862 1225 1920 odiov.
1245 1876 1304 1933 140
1317 1876 1373 1936 pro

276 1957 450 2035 ἐπωμαδόν
472 1962 650 2019 inusitatum
672 1961 732 2020 hoc
754 1979 846 2019 sensu
869 1958 1061 2037 κατωμαδόν
1084 1963 1249 2037 usurpavit.

376 2060 485 2137 Neque
508 2062 630 2137 longam
647 2063 785 2120 vocalem
805 2071 877 2120 ante
891 2063 1059 2120 vocalem'
1051 2081 1081 2120 1n
1100 2062 1179 2120 thesi
1201 2079 1264 2120 non
1283 2062 1375 2119 corri-

276 2163 354 2238 puit:
378 2165 462 2238 quod
484 2181 571 2220 versu
588 2163 627 2235 58
650 2163 760 2238 legitur
780 2160 820 2223 τὰ
839 2159 879 2238 μή
903 2157 970 2240 [μιν
986 2158 1064 2240 Pal]
1089 2159 1119 2223 oi
1142 2158 1255 2224 ὤπασε
1277 2159 1373 2236 τέχνη

277 2266 395 2328 dudum
419 2264 615 2322 Iacobsius'
607 2283 638 2322 m
659 2262 699 2325 τὰ
728 2262 768 2340 μὴ
798 2261 847 2325 ἑοῖ
878 2260 992 2326 ὤπασε
1025 2262 1121 2339 τέχνη
1158 2266 1374 2339 corrigendum

276 2383 344 2422 esse
367 2359 626 2443 demonstravit⁴).

373 2467 439 2525 Iam
460 2468 501 2524 ad
523 2485 577 2525 eos
600 2468 785 2526 vocalium
776 2485 808 2524 αι
841 2467 979 2525 confiniis
1012 2468 1175 2524 verborum
1206 2482 1374 2528 concursus

275 2568 432 2642 pervenio,
466 2568 517 2642 qui
544 2585 614 2624 cum
639 2568 773 2642 antiquis
800 2567 895 2643 epicis
918 2568 1041 2624 minime
1063 2568 1164 2624 vitiosi
1182 2567 1238 2626 visi
1259 2574 1376 2680 essent,

276 2769 354 2842 gulis
375 2787 538 2844 exponam,
571 2787 611 2826 ne
633 2769 664 2825 in
687 2769 746 2826 arsi
769 2769 895 2844 quidem
928 2757 1042 2826 vocalis
1075 2769 1167 2843 longa
1190 2777 1261 2826 ante
1284 2785 1378 2826 voca·

276 2871 337 2927 lem
359 2889 423 2928 non
445 2866 765 2948 correptaplaeuit⁵).
802 2873 1007 2931 etiamsinon
1034 2889 1141 2930 omnes
1164 2889 1268 2930 versus
1290 2869 1378 2928 Non·

276 2970 347 3039 nici,
381 2971 491 3045 quibus
522 2971 604 3029 hunc
636 2971 753 3031 hiatum
781 2974 907 3032 codices
939 2975 1097 3042 adserunt,
1130 2981 1213 3032 recte
1246 2991 1265 3030 a
1290 2970 1378 3028 Wer-

276 3066 413 3150 nickio⁶)
430 3072 568 3142 Lehrsio,
583 3073 648 3138 aliis
664 3075 821 3132 emendati
836 3091 905 3132 esse
922 3071 1106 3146 videntum),
1129 3082 1233 3132 tamen
1247 3073 1378 3148 exiguus

379 3322 405 3390 1)
425 3325 458 3376 ci.
476 3325 612 3374 Hermann
630 3323 649 3376 l.
668 3323 687 3377 l.
706 3339 732 3391 p.
752 3335 811 3389 720.

377 3411 406 3480 2)
424 3415 561 3464 Hermann
579 3413 598 3464 l.
618 3413 637 3465 l.
656 3430 683 3481 p.
703 3426 763 3479 774.

379 3503 405 3568 3)
424 3504 458 3556 cf.
474 3502 594 3554 Gerhard
611 3502 630 3554 l.
650 3502 670 3554 l.
687 3520 713 3570 p.
724 3503 767 3566 84.

379 3590 408 3659 4)
426 3598 507 3658 poeta
525 3593 596 3642 idem
624 3590 744 3658 (praefat.
762 3591 877 3643 Anthol.
895 3609 921 3658 p.
940 3591 1100 3641 XXXVIII
1118 3591 1179 3640 adn.
1200 3585 1254 3654 39.)
1273 3588 1308 3638 ab
1326 3587 1379 3638 hac

279 3681 464 3731 emendatione
483 3681 550 3731 miro
569 3680 649 3730 modo
671 3681 800 3746 depulsus
821 3687 862 3730 est
879 3679 1007 3746 exemplis
1027 3679 1075 3738 eis,
1103 3693 1171 3745 quae
1190 3692 1249 3727 cum
1267 3677 1296 3726 in
1315 3677 1381 3743 arsi,

279 3786 333 3819 non
351 3770 380 3819 in
398 3769 467 3820 thesi
486 3768 514 3822 ol
534 3769 686 3828 exhibeant,
706 3769 734 3818 in
753 3768 822 3818 hanc
841 3783 895 3818 rem
914 3785 968 3818 non
986 3767 1097 3819 iaciunt.

379 3861 406 3923 5)
425 3859 458 3910 cl.
475 3858 569 3910 Lehrs.
588 3857 607 3910 l.
627 3857 646 3909 l.
664 3874 691 3924 p.
706 3858 756 3920 264
770 3873 828 3924 sqq.
848 3857 1002 3907 Volkmann
1020 3856 1038 3908 l.
1059 3856 1078 3908 l.
1098 3871 1125 3923 p.
1138 3854 1181 3919 36.

379 3949 407 4018 6)
422 3949 441 4001 l.
461 3949 480 4001 l.
497 3965 524 4015 p.
545 3949 597 4011 484
617 3963 675 4013 sqq.

379 4039 404 4101 7)
424 4054 447 4089 e.
466 4053 503 4101 gr.
523 4037 604 4087 Dion.
622 4035 790 4094 XXXVIII,
808 4034 860 4100 278
884 4033 1035 4102 φυλλοχόῳ
1059 4031 1100 4085 tvl
1118 4028 1185 4098 μηνί
1209 4029 1273 4080 satis
1291 4028 1383 4095 Apol-

278 4124 348 4176 lonii
365 4125 512 4177 imitatione
530 4126 590 4192 (IV,
609 4125 674 4192 217)
693 4125 802 4174 defendi
821 4139 908 4190 neque
935 4124 963 4172 in
992 4121 1143 4189 φυλλοχόῳ
1161 4120 1216 4173 τινὶ
1236 4115 1302 4185 μηνί
1322 4133 1382 4168 mu-

279 4214 388 4263 tandum
407 4230 513 4267 censeo.

1538 287 1550 542 l

1529 3921 1545 4086 l

1537 4523 1543 4849 l
