3122 4904
734 302 763 354 13

201 465 292 524 zantii
326 467 357 523 in
379 466 446 524 foro
470 484 488 522 a
510 466 681 524 Thracibus
704 465 782 524 Solis
811 467 935 524 nomine
968 468 1117 524 denotato
1150 465 1298 542 Apollinis

202 566 455 642 praestantissimi
478 568 562 642 apud
586 567 685 625 Dores
709 567 761 624 dei
782 575 915 625 statuam
938 567 1107 625 collocasse
1130 575 1162 624 et
1184 584 1299 642 cogno·

204 669 285 725 mine
308 686 384 726 suae
405 669 506 743 gentis
523 669 645 743 proprio
667 669 853 728 nominasse.
885 667 934 726 De
957 668 1016 726 situ
1032 668 1181 745 Zeuxippi
1196 669 1299 728 omnia

203 769 379 828 testimonia
407 770 571 828 concinunt
595 788 665 827 cum
692 769 796 827 chron.
829 769 933 846 pasch.
957 788 986 845 p.
1011 785 1082 844 530,
1115 769 1299 828 ubidicitur

200 866 339 944 πλησίον
362 866 408 930 ὢν
430 870 488 931 τοῦ
511 865 648 930 Ἱππικοῦ
671 867 723 930 καὶ
744 870 802 945 τῆς
822 865 950 945 Ῥηγίας
971 867 1138 931 Παλατίου
1163 867 1194 946 (i.
1218 890 1245 930 e.
1268 871 1298 926 in

201 971 326 1045 regione
348 970 386 1028 Il.
405 968 510 1046 urbis).
552 972 645 1046 pluris
676 972 839 1029 interesset
860 972 901 1028 de
923 971 1062 1028 immensi
1083 970 1214 1028 aedificii
1236 971 1299 1028 dis·

200 1071 354 1147 positione
377 1072 403 1129 si
425 1072 562 1150 certiora.
579 1073 737 1140 sciremus,
759 1090 820 1147 quo
837 1072 949 1130 certior
968 1071 1060 1129 etiam
1082 1079 1252 1129 statuarum
1267 1070 1299 1126 in

201 1187 239 1228 eo
262 1171 435 1228 distributio
456 1173 610 1231 evaderet.
634 1172 666 1229 id
688 1190 782 1230 uuum
798 1190 837 1229 ex
855 1172 931 1230 locis
955 1189 1046 1247 supra
1068 1171 1186 1246 scriptis
1208 1171 1299 1228 disci·

200 1290 267 1330 mus
289 1274 440 1347 porticum
463 1275 644 1348 quadratam
667 1271 704 1333 τὸ
727 1275 934 1353 τετραστῷον
955 1273 1014 1334 τοῦ
1037 1269 1219 1334 Ζευξίππου
1236 1273 1299 1330 bal·

201 1373 251 1429 nei
273 1373 368 1448 ipsius
402 1374 543 1432 aedificio
572 1375 726 1432 adiectam
757 1373 891 1450 fuisse1).
930 1374 1028 1432 forum
1052 1393 1091 1432 ea
1112 1375 1233 1450 porticu
1254 1375 1299 1431 in·

201 1475 319 1533 clusum
356 1470 389 1552 (ἡ
423 1470 527 1551 ἀγορὰ
557 1471 800 1552 Ζεύξιπποςῆ),
836 1494 906 1535 cum
938 1477 970 1533 in
998 1476 1186 1534 nobilissima
1217 1475 1298 1532 urbis

200 1584 287 1652 parte
315 1576 406 1635 situm
439 1585 522 1635 esset
551 1595 733 1652 summoque
765 1577 922 1634 hominum
945 1595 1097 1636 concursu
1124 1577 1299 1652 frequenta·

201 1686 292 1746 retur,
315 1678 488 1754 aptissimus
517 1687 582 1737 erat
611 1680 706 1747 locus,
739 1679 792 1737 ubi
821 1696 901 1753 quae
927 1678 958 1736 in
980 1679 1104 1753 publico
1135 1679 1299 1736 tractanda

202 1789 316 1847 essent,
350 1788 525 1855 agerentur:
558 1781 607 1839 hic
643 1780 798 1839 christiani
832 1780 999 1855 dogmatici
1028 1780 1187 1854 disputare
1220 1778 1297 1836 sole·

201 1877 321 1954 band),
338 1880 386 1938 hic
401 1881 547 1938 haeretici
562 1882 816 1940 examinabantur
824 1877 860 1958 ⁴),
883 1881 972 1939 huius
994 1881 1129 1956 porticus
1152 1881 1183 1937 in
1206 1880 1299 1936 inter·

202 1981 359 2039 columniis
382 1990 414 2039 et
437 1984 478 2039 ad
498 1984 631 2058 parietes
663 1984 755 2057 longe
788 1982 1034 2040 verisimillimum
1062 1991 1111 2040 est
1139 1990 1257 2040 statuas
1281 2000 1299 2038 a

203 2079 402 2140 Christodoro
425 2084 596 2160 descriptas
620 2084 786 2160 dispositas
819 2084 921 2143 fuisse.
957 2084 1055 2160 primo
1083 2091 1210 2159 aspectu
1232 2083 1299 2159 ipsa

203 2182 359 2258 ecphrasis
380 2186 580 2260 praescriptio
604 2186 725 2260 qualem
747 2187 847 2242 codex
863 2183 1019 2242 Palatinus
1042 2184 1175 2254 exhibet,
1199 2179 1245 2258 εἰς
1261 2180 1299 2244 τὸ

200 2280 358 2359 δημόσιον
381 2281 560 2360 γυμνάσιον
582 2285 641 2345 τοῦ
665 2282 919 2360 ἐπικαλουμένου
941 2281 1132 2360 Ζευξίππου,
1155 2285 1216 2342 huc
1233 2293 1299 2341 ten-

205 2386 279 2442 dere
303 2385 437 2454 videtur;
471 2383 570 2460 iuret)
598 2387 679 2443 enim
711 2387 884 2461 quaerimus
911 2381 1091 2461 γυμνάσιον
1122 2387 1201 2444 sitne
1229 2403 1299 2462 pars

179 2480 322 2545 'tautum
343 2487 454 2557 balnei,
488 2488 566 2545 sitne
598 2489 665 2562 ipsa
688 2488 738 2546 illa
768 2489 914 2563 porticus.
953 2496 983 2546 at
1017 2489 1117 2546 multis
1152 2487 1299 2562 exemplis

202 2589 394 2664 comprobari
415 2596 520 2664 potest
540 2587 689 2645 vocabula
710 2584 889 2663 γυμνάσιον
913 2596 944 2645 et
966 2584 1105 2663 λουτρόν
1126 2588 1299 2664 promiscue

201 2689 256 2746 illis
277 2690 463 2764 temporibus
487 2689 625 2748 adhibita
646 2688 764 2763 esse⁶);
797 2707 901 2765 neque
931 2691 1106 2765 appositum
1132 2685 1300 2765 δημόσιος,

203 2792 288 2864 quod
317 2792 357 2847 de
384 2798 451 2847 toto
483 2788 623 2847 aedificio
652 2790 874 2857 benedicitur,
907 2793 987 2865 parti
1018 2809 1118 2867 aeque
1147 2790 1299 2849 convenit.

200 2892 399 2967 praescriptio
431 2892 589 2966 quomodo
611 2891 821 2965 intellegenda
854 2891 893 2948 sit
918 2890 1073 2950 Planudes
1096 2894 1297 2958 demonstrat,

203 2992 256 3065 qui
278 2992 355 3050 tituli
378 2969 470 3050 verba
492 2995 536 3051 sic
567 2993 707 3050 mutavit:
744 2987 789 3066 εἰς
810 2989 848 3051 τὸ
870 2988 1050 3066 γυμνάσιον
1071 2990 1109 3053 τὸ
1133 2987 1300 3053 ἐπικαλού-

203 3108 301 3166 μενον
323 3089 361 3152 τὸ
384 3088 575 3154 Ζευξίππου.

202 3220 401 3233 --...-

304 3314 329 3386 1)
349 3325 486 3385 praeterea
504 3319 653 3384 complures
673 3320 767 3370 domus
796 3334 855 3369 cum
883 3319 998 3368 officinis
1017 3319 1122 3369 iunctae
1141 3334 1299 3369 commemo·
1386 3349 1388 3354 ·

201 3413 298 3466 rantur,
327 3423 436 3472 quarum
460 3409 560 3459 reditus
584 3410 617 3459 ad
636 3410 789 3476 praebenda
806 3411 946 3461 luminaria
966 3418 991 3460 et
1011 3412 1044 3460 ad
1064 3410 1184 3460 aedificia
1202 3410 1299 3459 lavacri

201 3495 346 3561 reparanda
365 3497 577 3548 conferebantur.
597 3499 630 3550 ci.
642 3498 737 3550 Codin.
758 3499 792 3547 de
811 3500 877 3562 sign.
891 3515 916 3565 p.
930 3499 972 3562 36.
991 3499 1128 3550 Iustinian.
1149 3499 1208 3549 cod.
1221 3498 1298 3558 VIII,

204 3594 244 3644 11,
266 3595 305 3645 19.

303 3668 328 3739 2)
346 3673 441 3724 Ioann.
460 3675 527 3740 Lyd.
546 3674 564 3723 l.
584 3674 603 3726 l.
621 3690 648 3740 p.
660 3675 720 3738 265.

301 3759 329 3827 3)
348 3761 458 3824 Gregor.
487 3761 613 3814 Nazianz.
633 3760 683 3827 (or.
703 3762 844 3821 XXXHI,
864 3777 886 3814 c.
898 3761 935 3828 8.)
963 3761 1125 3828 Zeuxippum
1148 3768 1225 3812 vocat
1245 3761 1299 3827 τὴν

201 3845 269 3900 νέαν
287 3847 467 3914 Ἰερουσαλήμ
485 3849 530 3914 (cf.
548 3850 645 3900 Basilii
664 3851 749 3902 schol.
767 3851 801 3900 ad
819 3851 890 3901 hunc
908 3847 1017 3918 locum.)

302 3935 329 4002 4)
348 3937 439 3990 chron.
459 3938 550 4004 pasch.
570 3956 596 4005 p.
609 3950 669 4002 322.

304 4025 330 4092 5)
350 4041 382 4076 eo
410 4027 509 4076 maiore
537 4027 603 4091 iure,
633 4028 705 4093 quod
729 4027 795 4077 alibi
821 4026 947 4077 balneum
977 4041 1080 4094 semper
1097 4026 1113 4080 ὁ
1132 4025 1297 4092 Ζεύξιππος,

200 4127 333 4179 nunquam
351 4114 385 4167 τὸ
404 4118 456 4167 τοῦ
473 4113 634 4169 Ζευξίππου
653 4115 809 4182 appellatur.

301 4203 329 4278 6)
348 4205 382 4254 ci.
404 4205 439 4256 H.
462 4205 574 4255 Vsener.
593 4207 663 4256 Mus.
683 4206 773 4256 Rhen.
792 4204 904 4271 XXIX,
915 4215 950 4266 3ο
959 4219 998 4278 sq.
