3122 4904
806 290 841 352 3⁶

259 477 336 540 vquo
362 462 490 522 consilio
522 460 602 522 haec
623 480 642 519 a
664 460 777 520 Nonno
811 464 974 521 observata
1008 463 1078 534 sint,
1111 473 1236 539 prorsus
1267 462 1375 539 nequit

272 566 417 640 intellegi.
453 582 517 622 non
538 565 610 622 dico
629 565 670 621 de
692 564 736 622 eis
763 564 927 630 vocabulis,
962 581 1043 640 quae
1066 563 1184 640 syllaba
1209 565 1289 623 finali
1308 583 1373 622 non

272 668 424 741 producta
446 666 570 724 omnino
593 665 772 723 hexametro
800 667 995 724 resisterent:
1030 665 1107 723 haec
1129 664 1274 724 Nonnum
1296 683 1375 741 quo·

274 784 334 842 que
357 786 419 825 non
448 767 608 843 perpensis
633 766 755 843 syllabis
788 767 929 824 finalibus
951 766 1129 825 adhibuisse
1161 765 1250 824 facile
1273 767 1373 824 credi-

251 851 254 858 ’
274 869 365 927 deris.
389 877 422 926 at
436 885 498 944 quo
520 869 585 926 iure
600 868 774 942 Hilbergius
797 867 947 926 vocabula
963 867 1135 942 pyrrhichia
1150 869 1262 926 eodem
1276 868 1372 932 modo

273 987 292 1026 a
313 968 427 1027 Nonno
450 977 581 1028 tractata
603 987 674 1028 esse
695 965 876 1027 contendit?
912 969 1023 1044 quibus
1052 971 1093 1027 de
1126 971 1228 1027 causis
1246 969 1370 1044 proprio

273 1072 342 1129 loco
366 1088 404 1128 ea
432 1070 583 1128 vocabula
610 1071 760 1141 conlocat,
795 1087 875 1146 quae
909 1070 1027 1128 initium
1058 1087 1163 1128 versus
1197 1066 1372 1146 occupant?

273 1173 314 1229 de
335 1170 381 1229 his
404 1172 494 1229 rebus
517 1171 567 1228 ille
589 1189 628 1228 ne
650 1173 775 1228 verbum
799 1171 933 1247 quidem,
972 1179 1133 1246 praeterea
1160 1171 1372 1246 monosyllaba

273 1291 337 1330 non
360 1273 427 1330 sine
454 1273 498 1331 rei
532 1274 716 1330 detrimento
745 1273 845 1330 abeo
868 1273 1033 1348 praeterita
1064 1289 1134 1330 esse
1155 1271 1371 1330 Scheindlerus

218 1390 223 1404 ·
272 1373 333 1430 iam
355 1369 576 1447 vituperavit1).
614 1373 748 1448 denique
771 1390 863 1447 aegre
886 1373 961 1442 iero,
988 1374 1072 1457 quod
1095 1390 1148 1430 aas
1171 1381 1290 1430 tantum
1312 1373 1370 1448 syl-

272 1473 410 1532 labarum
431 1474 564 1532 finalium
583 1474 804 1549 productiones
821 1481 979 1531 enumerat
994 1490 1070 1548 quas
1093 1473 1218 1532 admisit
1231 1472 1371 1543 Nonnus,

273 1577 330 1634 sed
352 1576 462 1634 vitatas
484 1576 522 1633 ab
545 1575 595 1634 illo
611 1584 759 1651 quotnam
782 1575 842 1632 sint
864 1592 904 1632 ne
927 1575 1033 1632 leviter
1048 1575 1173 1649 quidem
1188 1575 1372 1651 perstringit.

271 1677 378 1752 itaque
400 1694 461 1751 quo
492 1676 612 1746 clarius,
638 1678 901 1752 quemadmodum
923 1675 1078 1735 Nonniani
1100 1677 1232 1752 syllabas
1258 1693 1372 1751 expen-

273 1779 384 1847 derint,
417 1779 582 1853 perspicias
618 1779 679 1835 iam
715 1773 857 1854 omnes²)
893 1778 1025 1854 syllabas
1059 1778 1186 1848 finales,
1222 1795 1303 1852 quae
1339 1778 1370 1834 in

274 1877 465 1937 Christodori
498 1879 637 1955 ecphrasi
669 1886 701 1936 et
731 1880 828 1954 primo
858 1878 1114 1955 Dionysiacorum
1146 1880 1224 1938 libzo
1254 1886 1371 1949 extant,

272 1980 435 2055 diligenter
462 1981 669 2056 perlustrabo;
703 1997 834 2055 cumque
866 1982 1030 2057 praecipue
1055 1980 1273 2039 Christodorus
1299 1978 1373 2042 mibi

272 2082 483 2158 respiciendus
514 2083 562 2152 sit,
597 2082 751 2156 ecphrasis
785 2083 869 2139 locos
903 2101 973 2140 cum
995 2080 1098 2140 Nonni
1123 2100 1180 2142 usu
1206 2100 1269 2140 non
1291 2082 1371 2138 bene

272 2192 478 2259 congruentes
503 2184 671 2259 explicabo.

395 2387 431 2446 A.
465 2387 509 2442 de
533 2385 691 2461 syllabis
715 2385 894 2443 finalibus
917 2385 952 2442 in
975 2384 1062 2444 arsi
1084 2386 1239 2461 positis.

370 2562 393 2623 1.
426 2562 687 2637 monosyllaba
709 2580 788 2637 quae

421 2682 453 2767 a)
476 2688 576 2746 brevi
599 2687 722 2747 vocali
743 2688 952 2756 terminantur,
975 2687 1056 2745 arsin
1078 2695 1185 2744 tenent
1206 2689 1294 2763 pedis

732 2788 755 2848 I.
841 2788 879 2852 ΙΙ.
948 2788 1000 2848 lll.
1065 2787 1118 2846 lV.
1195 2787 1233 2848 V.
1297 2787 1350 2848 VI.

271 2892 356 2965 apud
376 2888 608 2949 Christodorum
629 2890 661 2946 in
724 2919 764 2930 -
850 2905 869 2962 4
955 2919 993 2930 --
1080 2919 1120 2930 -
1208 2906 1223 2946 2
1310 2920 1349 2930 -

271 2990 573 3066 apudNonnumin
722 3020 756 3031 -
848 3006 864 3048 2
950 3021 992 3032 -
1089 3005 1105 3046 2
1192 3019 1233 3032 -·
1309 3019 1348 3032 --

272 3093 417 3151 versibus.
455 3086 702 3170 Scheindlerusl)
730 3109 828 3168 nuper
853 3091 934 3149 hanc
956 3092 1194 3167 productionem
1216 3109 1234 3148 a
1256 3090 1370 3150 Nonno

270 3193 343 3250 ideo
367 3195 399 3250 in
420 3195 492 3255 solis
512 3183 645 3269 pedibus
667 3195 774 3268 primo,
798 3195 950 3261 secundo,
976 3204 1085 3269 quarto
1114 3194 1279 3251 admissam
1301 3209 1372 3250 esse

272 3296 442 3373 contendit,
465 3297 537 3371 quia
558 3297 589 3352 in
612 3313 717 3352 versus
739 3295 824 3352 initio
848 3304 880 3352 et
901 3303 973 3369 post
991 3313 1151 3353 caesuram
1171 3294 1372 3369 principalem

271 3374 403 3453 maxima
425 3397 492 3453 voci
514 3397 558 3454 vis
578 3395 745 3454 inhaereat.
778 3397 901 3452 sirecte
923 3395 983 3452 hoc
998 3396 1136 3464 dixisset,
1159 3412 1263 3452 nonne
1278 3395 1371 3470 longe

271 3499 414 3574 plurimas
436 3499 587 3555 eiusmodi
608 3499 640 3554 in
660 3499 719 3554 arsi
740 3498 836 3573 prima
857 3497 1077 3571 productiones
1100 3490 1371 3572 exspectaremus?

271 3601 357 3674 quod
382 3599 471 3675 plane
505 3617 594 3657 secus
617 3609 674 3658 est.
710 3607 744 3655 ut
772 3616 872 3655 meam
905 3599 1091 3656 sententiam
1116 3597 1279 3672 proferam,
1310 3597 1372 3671 pri-

270 3717 353 3756 mum
375 3717 485 3774 perse
507 3699 693 3775 intellegitur
716 3700 755 3756 ab
777 3699 836 3756 arsi
858 3699 948 3756 tertia
978 3707 1103 3773 propter
1135 3713 1294 3755 caesuram
1316 3713 1372 3752 ne-

373 3949 397 4016 1)
417 3949 502 4001 annal.
523 3965 610 4014 gymn.
628 3950 720 4001 Austr.
742 3949 809 4013 1879
827 3964 853 4014 p.
864 3961 915 4011 412
927 3964 985 4014 sqq.

370 4036 397 4104 2)
417 4038 514 4088 seclusi
542 4054 714 4105 quaecunque
742 4038 819 4088 metri
850 4038 1008 4087 necessitate
1036 4036 1200 4102 syllabarum
1217 4035 1373 4101 pensationi

272 4126 404 4178 resistunt.
424 4127 458 4178 ci.
476 4127 546 4177 inira
563 4144 589 4193 p.
609 4139 652 4190 43.

370 4213 398 4283 3)
418 4216 488 4268 stud.
506 4216 624 4268 Vindob.
649 4215 724 4266 1880.
742 4232 768 4282 p.
788 4227 831 4279 40.
