3122 4904
810 305 843 362 50

276 475 361 534 unde
381 482 448 533 orta
470 473 510 532 sit
530 472 610 532 haec
630 490 738 531 norma
763 473 891 531 dubium
914 479 976 530 est:
1008 487 1117 530 vereor
1138 490 1178 530 ne
1201 491 1239 530 ex
1261 471 1377 549 syllaba

278 577 362 635 brevi
383 577 415 636 in
443 593 547 633 versus
580 573 716 633 clausula
748 574 963 632 molestIssIma
996 592 1059 631 non
1091 575 1167 631 satIs
1199 574 1376 650 explicetur.

277 677 382 750 itaque
403 673 583 732 Ludwicbio
616 674 767 732 assentiar
789 671 934 731 Nonnum
963 689 1002 731 eo
1025 673 1154 731 consilio
1186 673 1269 732 hunc
1288 691 1379 732 usum

280 777 439 835 induxisse
461 775 669 844 existumanti‚
700 793 740 833 ne
761 775 926 832 novissimo
949 793 986 832 ac
1007 774 1144 850 requiem
1177 775 1245 832 uoci
1267 777 1378 833 daturo

277 878 347 935 loco
370 877 530 933 verborum
553 884 699 932 accentus
723 891 792 933 cum
814 884 944 934 accentu
977 892 1081 932 versus
1104 876 1303 950 discreparet.
1339 895 1378 933 ex

279 980 392 1037 eodem
413 979 576 1036 verborum
598 993 764 1052 versusque
786 985 950 1034 accentum
973 975 1158 1034 conciliandi
1180 978 1284 1034 studi0
1305 992 1380 1034 num

279 1081 338 1138 alla
364 1079 497 1155 quaein
519 1078 622 1136 Nonni
654 1077 833 1135 hexametro
855 1076 1114 1153 deprehendimus
1137 1077 1275 1136 derivare
1289 1079 1379 1135 nobis

278 1182 380 1249 limat,
404 1180 494 1238 valde
517 1179 634 1238 dubito.
670 1198 740 1237 nam
763 1177 885 1236 Tiedke
916 1180 941 1236 si
973 1179 1022 1236 illa
1051 1179 1093 1235 de
1125 1195 1220 1237 causa
1246 1187 1279 1236 et
1308 1187 1380 1236 ante
1429 1176 1433 1197 ⁸

277 1282 429 1339 masculas
444 1281 558 1356 pedum
577 1281 657 1338 tertii
666 1275 701 1353 ¹),
724 1281 823 1355 quarti
832 1275 866 1356 2),
890 1277 1019 1355 qulnti⁸)
1042 1297 1186 1339 caesuras
1200 1280 1380 1355 plerumque

279 1390 471 1459 paroxytona
492 1381 603 1456 posita,
627 1389 658 1438 et
680 1381 711 1438 in
733 1399 839 1438 versus
862 1381 948 1438 initio
970 1389 1219 1456 proparoxytona
1242 1381 1380 1439 antibac-

281 1479 381 1558 chia³)
404 1484 499 1540 vitata
524 1500 593 1540 esse
624 1483 776 1558 opinatur,
808 1482 973 1540 manifesto
1003 1490 1094 1541 errat.
1128 1499 1168 1539 an
1190 1491 1382 1559 paroxytona

279 1585 340 1643 hoc
352 1601 456 1641 versus
469 1585 539 1641 loco
551 1584 650 1641 minus
666 1583 835 1659 rhythmico
853 1584 996 1642 accentui
1018 1584 1173 1641 adversari
1186 1592 1277 1659 putas
1290 1601 1383 1660 quam

279 1681 545 1762 proparoxytona?
579 1685 691 1742 oblitus
715 1693 763 1742 est
784 1685 928 1760 syllabam
958 1700 1038 1760 quae
1065 1701 1208 1742 caesuras
1228 1685 1381 1742 masculas

280 1788 438 1847 antecedit
469 1786 649 1861 plerumque
682 1794 791 1843 natura
823 1785 947 1861 longam
979 1802 1058 1852 esse,
1085 1787 1128 1843 ita
1150 1785 1252 1844 uthis
1275 1803 1382 1844 versus

280 1889 407 1947 sedibus
428 1876 677 1964 proparoxytona
698 1896 818 1945 tantum
839 1906 902 1945 non
923 1888 1135 1948 excludantur.

380 2077 470 2136 Haec
493 2077 557 2136 fere
578 2076 671 2134 habui
693 2095 773 2152 quae
796 2077 836 2134 de
859 2075 1052 2135 Christodori
1082 2095 1115 2135 re
1136 2078 1263 2160 metrica
1287 2094 1384 2152 expo·

282 2197 397 2238 nerem.
431 2197 468 2237 ac
487 2180 617 2254 primum
632 2179 757 2255 quidem
773 2196 792 2235 a
807 2178 1034 2255 Panopolitano
1052 2178 1208 2254 ecphrasis
1227 2183 1386 2237 auctorem

282 2289 380 2338 totam
402 2278 572 2338 hexametri
599 2288 782 2338 structuram
802 2288 976 2338 mutuatum
1005 2296 1075 2338 esse
1105 2280 1207 2338 multis
1231 2281 1386 2356 certiSque

280 2383 313 2440 ni
342 2382 428 2440 fallor
460 2381 653 2439 documentis
684 2382 838 2441 illustravi.
872 2399 952 2456 quae
987 2390 1093 2439 contra
1128 2398 1217 2440 usum
1248 2382 1387 2456 magistri

281 2484 431 2559 peccavit,
455 2483 480 2540 si
502 2490 585 2540 recte
607 2483 680 2556 vidi,
700 2481 870 2540 Homerum
885 2482 1020 2540 imitatus
1036 2482 1169 2541 admisit.
1191 2482 1251 2540 alia
1268 2500 1287 2539 a
1299 2481 1386 2540 Non·

282 2603 324 2642 no
344 2585 466 2660 parcius
496 2593 642 2660 usurpata
675 2585 741 2659 ipse
774 2585 914 2642 licentius
948 2583 1088 2642 adhibuit
1119 2601 1181 2641 una
1216 2601 1285 2641 cum
1319 2584 1387 2642 aliis

279 2683 385 2742 Nonni
408 2685 622 2742 sectatoribus.
647 2699 685 2739 ex
706 2683 753 2741 his
776 2701 939 2759 quemnam
954 2685 1085 2740 maxime
1101 2692 1225 2741 secutus
1248 2684 1297 2753 sit,
1319 2685 1388 2742 iure

281 2803 428 2861 quaeras:
451 2793 483 2842 at
498 2792 687 2860 argumenta,
708 2784 818 2858 quibus
834 2785 934 2842 solvas
949 2785 1173 2859 quaestionem,
1192 2784 1273 2842 nullo
1289 2787 1388 2843 modo

284 2886 445 2945 sufficiunt.
480 2885 618 2942 licentias
640 2885 723 2943 enim
744 2885 811 2942 illas
840 2892 903 2942 tam
925 2885 1122 2960 TriphIodori
1144 2903 1235 2962 quam
1252 2884 1390 2944 Colluthi

283 2986 426 3061 exemplo
445 2986 638 3061 comprobari
654 2987 803 3055 videmus,
824 2988 961 3044 neutrius
983 3003 1056 3043 vero
1071 2987 1123 3056 ita,
1147 2993 1181 3043 ut
1196 2985 1391 3043 coniunctio·

284 3105 347 3144 rem
370 3104 441 3143 eum
473 3103 543 3144 cum
575 3096 681 3144 nostro
714 3095 808 3162 poeta
841 3096 976 3145 statuere
1011 3088 1193 3145 audeamus.
1226 3087 1260 3144 id
1291 3104 1389 3144 unum

212 3181 215 3187 ’
283 3189 375 3264 paulo
397 3189 509 3246 certius
536 3187 679 3246 affirmari
701 3196 806 3264 potest
822 3187 951 3246 Paulum
967 3187 1170 3247 silentiarium
1192 3195 1224 3244 et
1237 3188 1390 3245 Ioannem

284 3439 431 3486 Homerum
445 3435 481 3503 (M
495 3437 553 3501 167.
566 3451 592 3487 ν.
605 3433 666 3503 106)
678 3436 828 3485 Hesiodum
838 3434 937 3502 (theog.
949 3452 974 3488 v.
986 3438 1047 3502 594)
1060 3436 1155 3502 Apoll.
1166 3439 1196 3501 (Ι,
1208 3433 1271 3502 879)
1283 3434 1388 3488 Callim.

284 3523 407 3594 (11,120)
429 3526 542 3577 Theocr.
561 3523 594 3592 (Ι,
619 3536 677 3590 107,
705 3523 912 3593 V11,81.142.)
936 3526 1027 3590 Quint.
1049 3526 1102 3578 Sm.
1127 3525 1162 3593 (1,
1180 3538 1242 3588 440.
1260 3526 1310 3588 111,
1328 3525 1390 3590 221)

284 3615 422 3682 Triphiod.
445 3627 505 3680 534.
524 3614 595 3664 unde
616 3615 808 3680 deprompserit
827 3614 903 3663 illum
924 3631 948 3668 v.
969 3614 1020 3678 386
1039 3622 1118 3680 poeta
1136 3615 1296 3678 ignoramus.

388 3703 413 3769 1)
433 3703 549 3751 Hermae
569 3709 586 3753 t.
603 3703 684 3768 XIII,
704 3717 729 3767 p.
741 3712 783 3767 59.
821 3701 1010 3752 Christodorus
1038 3703 1066 3751 in
1094 3703 1144 3751 hac
1172 3701 1236 3751 sede
1256 3702 1283 3751 in
1302 3713 1334 3764 91
1356 3717 1391 3751 ex

289 3803 337 3853 109
356 3790 479 3840 versibus
500 3791 708 3857 penthemimere
732 3790 823 3840 incisis
853 3796 1024 3856 paroxytona,
1047 3790 1076 3839 iu
1094 3790 1110 3840 6
1129 3791 1251 3840 versibus
1269 3789 1391 3856 perispo·

286 3895 371 3945 mene,
391 3880 419 3928 in
437 3891 452 3942 3
472 3879 593 3929 versibus
613 3886 737 3944 oxytons,
767 3886 983 3946 proparoxytona
999 3879 1028 3930 in
1048 3891 1064 3929 2
1084 3885 1183 3929 tantum
1198 3877 1254 3945 (vv.
1268 3879 1311 3943 87.
1328 3878 1392 3947 185)

286 3967 400 4017 admisit.
434 3973 526 4016 contra
555 3973 615 4017 ante
643 3967 803 4018 trochaicam
830 3968 908 4034 pedis
932 3968 1002 4018 tertii
1022 3983 1156 4018 caesuram
1174 3974 1393 4034 proparoxytona

285 4047 367 4119 longe
385 4054 556 4105 usitatissime
575 4062 644 4105 sunt.

387 4140 414 4210 2)
433 4142 489 4196 1.1.
510 4159 536 4209 p.
552 4143 594 4209 65.

387 4229 414 4298 3)
434 4232 550 4280 Hermae
568 4238 586 4282 t.
605 4229 678 4281 XIV
696 4242 794 4296 p.412.
