3122 4904
714 295 743 349 51

184 457 351 528 Gazaeum,
375 457 428 534 qui
450 457 508 534 ipsi
528 474 651 533 quoque
671 456 827 532 ecphrasis
847 459 967 516 titulum
982 468 1175 536 usurparunt,
1199 457 1283 518 Chri·

186 560 304 616 stodori
336 568 433 616 artem
464 577 528 616 non
558 560 725 635 ignorasse.
770 560 904 634 denique
933 577 1033 635 pauca
1067 561 1221 636 quaedam
1253 562 1284 618 in

185 658 326 734 ecphrasi
348 657 610 735 deprehendimus
631 676 690 716 nec
712 657 815 715 Nonni
837 675 939 733 neque
962 659 1089 718 aliorum
1106 660 1285 719 Nonniano·

183 777 251 816 rum
271 776 328 816 usu
351 759 425 816 satis
456 759 600 833 probata:
634 767 730 816 atne
761 759 807 817 his
830 761 957 835 quidem
979 761 1069 819 valde
1092 761 1283 838 offendimur.

185 857 279 936 quid?
301 878 404 918 nonne
430 870 544 936 poetae
566 862 618 936 qui
641 869 688 918 tot
703 862 792 936 epica
814 862 949 920 carmina
966 872 1166 939 componeret
1189 871 1285 922 artem

185 962 343 1020 metricam
365 962 404 1019 ab
427 963 487 1019 alio
509 971 668 1036 acceptam
690 979 746 1018 suo
769 963 891 1020 arbitrio
922 964 1046 1038 paulum
1068 966 1228 1022 immutare
1251 964 1284 1020 li·

186 1059 270 1121 cuit?
290 1065 383 1120 immo
404 1064 745 1122 moderatio-mirabilis
768 1072 826 1132 est,
853 1065 939 1138 quod
960 1082 1023 1122 non
1045 1066 1141 1123 multo
1164 1065 1284 1140 longius

164 1201 165 1204 =
185 1180 205 1220 a
227 1162 329 1220 Nonni
354 1163 471 1238 legibus
497 1161 682 1238 discessit1).

703 1838 772 1912 111.

487 2039 541 2098 De
566 2037 723 2100 dictione
746 2037 983 2106 christodori.

289 2247 366 2308 Cum
386 2251 418 2308 in
440 2251 557 2326 optimo
586 2267 710 2327 quoque
742 2259 838 2326 poeta
858 2269 982 2326 graeco,
1017 2251 1102 2309 cuius
1125 2267 1231 2326 opera,
1255 2259 1289 2308 ut

188 2353 278 2410 unice
301 2354 490 2411 delectemur
510 2353 592 2411 diem
614 2352 720 2410 tulisse
743 2353 839 2420 dicas,
871 2354 977 2410 dolore
999 2370 1221 2428 nonnunquam
1244 2352 1289 2410 af·

187 2452 332 2523 ficiamur,
353 2454 378 2511 s'i
400 2454 503 2512 studia
526 2473 545 2511 a
567 2454 637 2512 viris
659 2455 760 2512 doctis
789 2454 965 2514 difficillima
987 2455 1018 2512 in
1039 2455 1170 2530 pedibus
1192 2455 1289 2512 dime-

188 2554 301 2611 tiendis
323 2570 360 2610 ac
380 2554 610 2630 perpendendis
639 2555 762 2629 syllabis
786 2555 930 2612 collocari
952 2555 1101 2622 videmm,
1130 2553 1218 2612 aliter
1239 2570 1288 2610 res

188 2671 222 2712 se
244 2654 338 2713 habet
359 2655 391 2713 in
406 2655 452 2712 his
467 2656 652 2713 novissimae
675 2656 786 2714 aetatis
808 2655 1077 2714 versificatoribus:
1101 2663 1164 2712 tam
1179 2654 1289 2728 frigida

187 2756 269 2814 enim
289 2765 354 2814 arte
377 2765 409 2813 et
422 2755 551 2815 Nonnus
567 2765 598 2814 et
614 2757 666 2832 qui
681 2775 752 2814 eum
774 2758 873 2815 secuti
889 2765 962 2814 sunt
983 2774 1088 2815 versus
1102 2764 1285 2833 punxerunt,

187 2866 223 2916 ut
244 2858 379 2915 carmina
402 2875 508 2915 eorum
529 2875 593 2915 non
618 2859 768 2916 immerito
802 2859 961 2933 philologis
984 2866 1132 2932 tanquam
1160 2874 1290 2932 corpora

188 2959 340 3017 anatomia
362 2959 499 3033 proiecta
522 2976 592 3017 esse
621 2961 791 3028 videantur,
820 2953 937 3016 viscera
959 2968 990 3016 et
1012 2959 1156 3016 intestina
1179 2961 1220 3016 ad
1243 2975 1289 3015 ar·

188 3060 311 3118 bitrium
333 3060 551 3134 libidinemque
573 3062 816 3135 perscrutaturis.
853 3061 923 3118 Huc
949 3077 1046 3135 usque
1069 3068 1166 3116 artem
1188 3059 1290 3116 metri·

189 3179 257 3218 cam
280 3159 470 3219 Christodori
492 3162 598 3236 aperui
619 3179 703 3220 more
725 3161 916 3230 anatomico;
939 3162 999 3218 iam
1019 3161 1187 3218 dictionem
1209 3159 1290 3218 simi-

186 3262 255 3319 liter
287 3270 471 3321 tractaturus
503 3263 632 3337 primum
667 3263 706 3318 de
742 3263 958 3319 imitatione
994 3259 1184 3318 Christodori
1210 3277 1290 3335 quae

187 3363 376 3437 investigavi,
398 3363 531 3420 breviter
552 3380 714 3438 exponam.
737 3380 848 3438 nempe
869 3362 899 3419 hi
921 3371 1035 3438 poetae
1055 3361 1191 3420 confines
1214 3360 1291 3418 anti·

187 3465 297 3540 quitati
319 3471 350 3521 et
373 3465 478 3522 medio
501 3480 578 3521 aevo
607 3472 704 3520 totam
725 3463 929 3520 hereditatem
952 3464 1148 3538 antiquorum
1168 3463 1290 3519 illorum

189 3566 348 3623 consecuti
380 3583 535 3641 perpauca
567 3565 629 3622 suis
662 3565 783 3633 viribus,
816 3565 943 3640 plurima
978 3564 1096 3622 alienae
1130 3563 1291 3621 imitationi

189 3665 315 3724 debent.
349 3682 441 3740 quam
471 3666 673 3725 imitationem
706 3665 812 3724 nescio
844 3683 883 3721 an
914 3665 940 3722 is
973 3681 1096 3739 quoque
1129 3681 1192 3722 non
1224 3663 1291 3720 sine

189 3766 288 3824 fructu
311 3767 488 3843 cogniturus
510 3768 558 3836 sit,
582 3784 674 3842 quem
695 3766 793 3843 pusilli
816 3765 845 3822 hi
867 3775 979 3841 poetae
1008 3766 1065 3840 ipsi
1087 3765 1212 3821 minime
1234 3765 1289 3820 de·

189 3868 323 3936 lectent;
347 3868 391 3925 sic
412 3869 494 3925 enim
515 3869 705 3944 perspicitur,
729 3869 853 3943 quinam
869 3867 1054 3941 estantiquis
1074 3866 1175 3941 poetis
1198 3866 1292 3921 etiam

189 3977 265 4026 tunc
285 3967 317 4025 in
339 3967 496 4026 hominum
517 3987 571 4027 ore
592 3987 630 4027 ac
651 3977 754 4027 mente
777 3969 889 4027 versati
912 3969 982 4028 sint.

294 4209 320 4286 1)
343 4211 376 4264 ci.
395 4209 542 4260 Werniclre
560 4209 579 4262 l.
598 4208 617 4262 l.
634 4226 659 4278 p.
671 4210 730 4280 ²⁶5·
