3122 4904
700 283 730 340 15

208 441 335 510 Ἵστατο
358 445 386 536 δ’
409 445 576 526 Ἀλκμάων
598 448 792 526 κεκλημένος
815 446 938 526 οὔνομα
961 445 1085 526 μάντις·

211 544 281 610 ἀλλ’
304 547 343 611 οὐ
367 547 478 626 μάντις

210 648 339 728 δάφνης
362 647 426 728 εἶχε
449 648 619 729 κόρυμβον,
643 649 708 725 ἐγὼ
730 653 758 713 δ’
781 647 941 727 Ἀλκμᾶνα
962 650 1088 714 δοκεόω
1110 672 1136 714 κ.
1152 671 1177 713 τ.
1198 653 1224 714 λ.

168 762 270 810 statua
293 754 393 828 igitur,
417 754 612 811 Alcmaeonis
645 754 769 811 nomine
801 754 964 823 ferebatur,
993 756 1078 830 quod
1099 764 1194 830 poeta
1217 755 1268 830 qui

167 853 244 910 vatis
265 853 398 928 effigiem
432 871 546 911 corona
570 849 674 911 laurea
697 855 877 911 destitutam
893 873 1046 930 nusquam
1062 855 1198 924 vidisset,
1224 854 1268 912 fa·

171 953 281 1011 cillima
303 955 481 1012 coniectura
496 956 527 1012 in
540 954 721 1020 Alcmanem
742 957 881 1024 mutavit,
905 957 951 1012 vel
973 957 1076 1031 potius
1088 956 1269 1014 Alcmanem

167 1054 386 1130 interpretatus
409 1065 457 1112 est
468 1051 500 1133 ¹).
523 1075 561 1113 ex
585 1055 693 1131 Langii
715 1057 869 1114 sententia
881 1056 1097 1115 Christodorus
1119 1059 1268 1117 simulavit

104 1219 105 1222 ς
169 1157 258 1214 titulo
281 1174 314 1214 se
337 1159 507 1215 adductum
522 1159 651 1232 primum
668 1160 708 1214 de
720 1159 906 1216 Alcmaeone
923 1159 1087 1234 cogitasse,
1111 1177 1180 1217 cum
1195 1177 1267 1217 vero

168 1274 283 1316 corona
305 1259 440 1328 deesset,
453 1258 608 1324 vincidisse
628 1259 660 1316 in
676 1259 866 1330 Alcmanem,

272 1359 359 1417 Alter
381 1359 467 1417 locus
489 1353 561 1417 iride
585 1380 603 1418 a
623 1380 649 1421 v.
666 1375 726 1436 407
752 1361 875 1436 legitur:

251 1470 379 1538 Ἵστατο
402 1473 429 1538 δ’
453 1471 554 1552 ἄλλος
572 1472 725 1554 Ὅμηρος,
749 1474 789 1539 ὃν
811 1475 850 1538 οὐ
873 1473 1000 1554 πρόμον
1022 1473 1183 1541 εὐεπιάων

255 1575 412 1640 θέσκελον
434 1573 487 1639 ulo
511 1575 661 1654 Μέλητος
685 1575 889 1654 έϋρῤείοντος
911 1575 978 1656 ὀΐω,

254 1673 323 1741 ἀλλ’
347 1675 386 1741 ὃν
409 1677 574 1762 Θρηῑκίῃσι
596 1675 670 1757 παρ’
693 1677 768 1761 ᾐόσι
790 1679 920 1754 γείνατο
943 1677 1044 1757 μήτηρ

253 1777 366 1858 Μοιρὼ
389 1779 542 1857 κυδαλίμη
568 1779 742 1858 Βυζαντιάς
765 1801 790 1843 κ.
813 1801 838 1843 τ.
861 1782 888 1842 λ.

169 1919 274 1959 nonne
294 1911 422 1977 apparet
441 1899 606 1974 Homeri²l
629 1919 743 1958 nomen
765 1901 836 1958 huic
858 1910 979 1958 statuae
1001 1901 1177 1976 impositum
1199 1887 1268 1958 esse

169 2010 241 2059 ante
274 2000 527 2062 Christodorum?
560 2003 694 2077 denique
722 2003 832 2078 Langii
864 2003 1018 2061 sententia
1042 2003 1170 2060 refutari
1196 2002 1269 2059 mihi

170 2103 290 2160 videtur
310 2106 446 2162 versibus
460 2104 616 2177 228-40‚
640 2104 750 2179 quibus
764 2105 848 2179 pugil
862 2105 996 2162 incertus
1013 2105 1057 2161 sic
1072 2103 1267 2162 describitur:

267 2199 307 2278 ἦν
329 2203 365 2265 δὲ
388 2201 658 2281 παλαισμοσύνην
678 2201 878 2280 δεδαημένος
900 2199 1033 2280 ὄβριμος
1054 2199 1148 2280 ἀνήρ·

270 2299 296 2364 εἰ
317 2302 353 2364 δὲ
377 2301 485 2366 Φίλων
507 2302 605 2380 ἤκουε
627 2301 796 2380 πελώριος,
820 2298 882 2364 εἴτε
905 2300 1089 2380 Φιλάμμων,

268 2400 331 2467 εἴτε
355 2402 467 2468 Μίλων
489 2405 622 2480 Σικελῆς
645 2402 746 2482 ἔρυμα
768 2403 896 2481 χθονὸς,
919 2400 1007 2467 οἶδεν
1029 2401 1209 2466 ’Ἀπόλλων’

269 2501 392 2583 οὐγὰρ
416 2503 480 2579 ἐγὼ
503 2503 645 2580 δεδάηκα
666 2505 823 2581 διακρῖναι
846 2501 897 2565 καὶ
921 2499 1027 2565 ἀεῖσαι

270 2603 395 2683 οὔνομα
417 2604 603 2682 θαρσαλέον
626 2604 743 2668 κλυτὸν
764 2601 881 2682 ἀνέρος
903 2624 930 2666 κ.
953 2622 979 2665 τ.
1003 2605 1030 2666 λ.

269 2709 376 2784 Lange
405 2711 490 2785 quod
520 2709 585 2786 ipse
610 2708 862 2766 absurdissimum
892 2707 967 2765 dicit
989 2704 1190 2764 Christodoro
1213 2707 1268 2764 ad-

169 2805 283 2890 scribit,
304 2811 427 2869 finxisse
447 2825 517 2867 eum
540 2818 571 2867 et
593 2810 731 2868 adfuisse
751 2809 873 2867 titulum
892 2817 924 2866 et
939 2819 1009 2866 eum
1028 2809 1128 2884 ipsum
1148 2807 1268 2866 titulum

169 2911 231 2985 legi
252 2928 316 2968 non
337 2911 485 2986 potuisse.
509 2929 567 2969 nec
588 2911 696 2969 iniuria
712 2912 836 2986 quidem
858 2911 882 2968 si
905 2911 972 2985 quis
995 2911 1035 2968 de
1057 2927 1128 2967 vera
1142 2908 1268 2982 inscrip-

171 3011 257 3069 tione
279 3021 395 3087 ageret,
418 3031 488 3070 eum
510 3012 698 3087 prolaturum
731 3013 825 3071 fuisse
853 3020 946 3088 negat
969 3029 1030 3068 una
1053 3028 1123 3068 cum
1144 3009 1268 3067 Milonis

169 3111 367 3188 Philonisque
387 3113 559 3172 nominibus
582 3132 696 3171 nomen
727 3115 822 3170 multo
844 3113 970 3187 amplius
994 3111 1211 3169 Philammonis
1224 3107 1267 3186 8);

169 3220 204 3270 at
222 3212 247 3270 si
269 3214 346 3270 tituli
381 3213 467 3270 fracti
500 3215 617 3290 aliquas
648 3214 789 3289 reliquias
811 3214 905 3271 fuisse
927 3215 1147 3271 existumemus
1170 3209 1269 3287 (velut

169 3309 359 3394 ΞΙΛίῖἒΝΞ),
377 3324 412 3372 ut
433 3317 497 3373 iure
513 3324 607 3390 poeta
621 3315 700 3373 inter
712 3316 858 3373 Milonem
874 3323 905 3371 et
918 3314 1078 3373 Philonem
1094 3307 1267 3395 fluctuaret,

168 3416 275 3474 nescio
304 3435 344 3474 an
372 3416 432 3474 hoc
460 3417 601 3474 licentiae
628 3419 730 3476 eidem
756 3419 996 3475 condonandum
1019 3418 1067 3485 sit,
1090 3425 1124 3473 ut
1146 3434 1183 3473 ex
1203 3434 1266 3473 me·

273 3662 298 3732 1)
317 3681 397 3732 saepe
423 3665 492 3716 enim
519 3665 627 3716 uomina
653 3663 798 3729 Ἀλκμάων
818 3661 996 3730 (Ἀλκμαίων)
1017 3672 1043 3714 et
1061 3663 1189 3729 Ἀλκμάν,
1209 3680 1268 3714 curn

169 3753 249 3804 unius
265 3753 380 3803 nominis
398 3753 486 3804 variae
505 3753 604 3803 formae
618 3759 715 3819 essent,
735 3753 971 3803 commutabantur.
992 3752 1025 3802 cs.
1037 3753 1138 3817 Jacobs
1157 3753 1218 3803 adn.
1233 3754 1268 3802 ad

168 3841 241 3891 hunc
260 3841 357 3894 locum.
377 3842 506 3892 Welcker
525 3841 646 3893 Alcman.
666 3858 710 3908 pp.
727 3854 750 3892 1.
764 3851 806 3902 39.

271 3930 296 3992 2)
318 3930 409 3992 Lange
429 3945 516 3979 errore
534 3945 560 3994 p.
575 3941 623 3978 112
648 3928 719 3978 hunc
747 3929 863 3978 omnium
891 3929 1100 3978 recentissimum
1118 3934 1202 3986 vocat,
1222 3927 1268 3993 qui

170 4016 200 4067 in
217 4019 352 4084 Zeuxippo
373 4024 459 4067 statua
477 4025 584 4066 ornatus
604 4017 696 4076 suerit;
716 4023 743 4066 at
761 4016 837 4066 multi
855 4017 884 4066 in
897 4017 1018 4082 euphrasi
1032 4024 1269 4066 commemorantur

170 4104 221 4154 illo
241 4107 360 4155 Homero
380 4105 551 4164 recentiores,
570 4105 767 4155 recentissimus
790 4105 943 4171 Appuleius
965 4106 1060 4168 Magus
1074 4104 1124 4170 (vv.
1138 4115 1189 4166 303
1200 4100 1268 4170 sqq.)

274 4197 302 4264 3)
325 4195 358 4245 cl.
377 4210 447 4262 quae
466 4195 499 4245 de
518 4193 560 4243 his
579 4195 754 4245 luctatoribus
772 4195 915 4263 Jacobsius
934 4194 1052 4247 adnotat.
