3122 4904
293 730 391 788 Natus
423 747 491 789 sum
513 731 684 792 Fridericus
708 731 862 808 Georgius
891 732 1099 807 Baumgarten
1121 731 1246 790 Monaci
1269 749 1297 790 a.

194 831 224 892 h.
247 851 271 890 S.
294 832 367 891 LVI
392 833 443 889 die
472 832 545 888 XIV
567 835 680 891 mensis
703 834 769 891 Iulii
803 843 890 909 patre
912 833 1090 891 Hermanno
1125 842 1222 891 matre
1244 833 1301 891 Ida

195 953 213 992 e
237 939 332 1010 gente
354 933 550 991 Fallenstein.
587 934 660 992 fidei
683 935 827 993 addictus
855 952 922 993 sum
945 934 1153 1011 evangelicae.
1177 952 1203 994 a.
1229 933 1300 992 LXI

193 1042 337 1110 parentes
361 1032 554 1092 Carlsruham
577 1052 610 1093 se
634 1037 839 1105 contulerunt,
863 1036 914 1092 uhi
936 1035 1055 1111 lyceum
1073 1054 1128 1111 per
1150 1042 1295 1109 quattuor

196 1154 305 1204 annos,
328 1135 464 1193 scholam
488 1136 727 1194 Fridericianam
751 1154 804 1212 per
832 1137 1074 1212 quinquennium
1097 1137 1298 1212 frequentavi,

197 1237 395 1313 Argentorati
429 1237 553 1306 deinde,
591 1255 652 1314 quo
690 1246 835 1313 parentes
858 1257 885 1298 a.
908 1237 1022 1295 LXXII
1057 1239 1302 1314 commigrarunt,

200 1339 276 1417 lycei
299 1339 461 1413 disciplina
482 1356 536 1413 per
554 1338 582 1393 V
604 1339 763 1396 semestria
783 1356 859 1396 usus
883 1356 966 1397 anno
983 1338 1099 1396 LXXV
1120 1339 1302 1396 maturitatis

93 1477 98 1502 .
201 1439 377 1498 testimonio
401 1439 567 1498 instructus
603 1440 795 1498 academiam
822 1437 1012 1498 Wilhelmam
1044 1440 1302 1516 Argentinensem

198 1540 347 1618 simulque
372 1559 507 1598 annuum
531 1527 719 1616 stipendium
750 1541 821 1599 adii.
865 1541 988 1624 biennio
1023 1537 1095 1618 post
1128 1540 1301 1616 Berolinum

196 1642 323 1718 migravi
344 1641 447 1716 ibique
469 1659 522 1716 per
545 1660 657 1699 anuum
680 1650 815 1699 moratus
838 1642 948 1699 iterum
970 1631 1168 1716 'Argentorati
1191 1643 1300 1699 studiis

195 1743 327 1803 incubui.
364 1763 392 1802 a.
412 1742 543 1801 LXXIX
564 1743 672 1820 sedem
694 1742 851 1800 Musarum
873 1742 1057 1801 Rhenanam
1079 1744 1180 1819 petivi,
1211 1744 1297 1801 cuius

139 1850 141 1856 ’
194 1863 250 1920 per
270 1844 312 1901 III
334 1843 494 1902 semestria
522 1844 593 1900 civis
617 1842 669 1903 lui.

294 1945 476 2028 Docuerunt
508 1963 558 2002 me
597 1945 650 2003 viri
686 1945 843 2002 clarissimi
884 1945 1108 2023 Baumgarten,
1148 1945 1299 2015 Gerland,

194 2046 446 2115 Huebsehmann,
469 2045 580 2116 Kraus‚
604 2047 784 2114 Liebmann,
807 2047 976 2115 Michaelis
999 2047 1125 2115 Nissen,
1148 2047 1298 2106 Scheffer·

195 2148 366 2216 Boichorst,
390 2147 521 2216 Schoell,
545 2146 749 2216 Studemund,
772 2146 953 2218 Wilmanns,
982 2146 1158 2207 Woltmann
1180 2149 1297 2224 Argen·

196 2250 342 2319 tinenseS,
366 2248 517 2324 Droysen,
539 2247 707 2314 Kirchhoff,
730 2247 912 2317 Mommsen,
935 2247 1071 2318 Nitzsch,
1106 2250 1234 2323 Robert,
1258 2251 1300 2308 de

196 2349 387 2419 Treitschlre,
417 2349 538 2407 Vahlen
574 2349 800 2434 Berolinenses‚
846 2337 1024 2432 Buecheler,
1058 2349 1188 2418 Kekule,
1222 2350 1299 2417 Leo,

198 2453 307 2522 Ritter,
342 2451 497 2520 Schaeser,
531 2450 651 2509 Usener
686 2451 874 2517 Bonnenses.
921 2450 1116 2520 Buecheleri,
1150 2451 1300 2521 Schoellii,

198 2554 413 2622 Studemundi,
435 2552 567 2610 Useneri
600 2569 674 2624 erga
701 2532 754 2608 me
774 2552 989 2609 benevolentia
1012 2551 1140 2628 contigit
1161 2552 1243 2619 mihi,
1267 2560 1301 2610 ut

198 2654 351 2714 seminarii
376 2653 552 2729 philologici
570 2653 803 2727 Argentinensis
825 2649 957 2727 per'ter,
983 2652 1155 2710 Bonnensis
1178 2671 1233 2729 per
1255 2655 1300 2711 bis

199 2773 253 2813 sex
277 2773 399 2812 menses
422 2754 537 2814 sodalis
560 2771 662 2812 essem
684 2753 863 2812 ordinarius.
903 2755 1071 2813 seminariis
1086 2755 1301 2815 historicorum

197 2876 248 2915 me
269 2858 461 2915 admiserunt
482 2855 700 2931 Argentinensi
722 2853 835 2912 Nissen
855 2864 886 2913 et
902 2853 1088 2926 Woltmann,
1112 2855 1300 2916 Berolinensi

197 2957 381 3025 Mommsen,
405 2957 561 3014 Bonnensi
589 2955 688 3013 Ritter
709 2964 742 3013 et
764 2955 917 3016 Schaefer.
945 2956 1214 3015 exercitationibus
1237 2959 1299 3016 suis
1389 2961 1392 2966 '

197 3065 232 3116 ut
260 3060 443 3116 interessem
466 3058 600 3132 benigne
636 3055 856 3114 concesserunt
890 3056 1131 3133 archaeologicis
1146 3055 1299 3128 ''Kekule,

197 3159 309 3229 Kraus‚
332 3159 501 3226 Michaelis
524 3159 651 3232 Robert,
674 3157 876 3233 epigraphicis
900 3158 1078 3228 Buecheler,
1100 3157 1276 3220 Wilmanns.

298 3261 418 3334 Quibus
441 3260 581 3318 omnibus
611 3260 679 3317 viris
707 3261 823 3335 optIme
850 3260 891 3316 de
923 3279 974 3317 me
1007 3261 1122 3318 meritis
1156 3263 1299 3338 imprimis

198 3379 270 3422 vero
294 3361 492 3433 Buechelero,
514 3360 667 3430 Michaeli,
702 3361 865 3430 Schoellio,
900 3361 1126 3432 Studemund0,
1159 3363 1300 3425 Usenero

198 3464 328 3539 gratiam
349 3481 470 3538 semper
492 3463 614 3520 habebo
637 3481 729 3537 quam
751 3464 923 3523 maximam.
