3122 4904
730 297 759 344 61

198 469 328 527 Nonnus
351 466 447 544 (XXI,
475 471 546 542 208)
571 471 794 544 Triphiodorus
826 466 865 546 (v.
890 465 945 544 82)
973 469 1023 527 alii
1050 470 1091 527 de
1121 470 1222 527 cauda
1244 487 1299 544 per

200 569 323 628 humum
360 579 457 628 tracta
492 580 685 647 usurparunt,
717 571 806 628 nimis
841 572 990 627 audacter
1019 571 1059 627 de
1093 571 1229 628 caesarie
1258 571 1297 626 ab

200 673 309 729 umeris
345 673 492 730 defluenti
526 671 794 732 adhibetur.—-v.
816 671 872 728 188
897 668 1043 747 αὐχμὸν
1066 665 1191 746 ἀνίηςῑ
1214 672 1298 730 Non·
1394 711 1397 718 ι

199 791 257 830 nus
280 769 378 845 ὄγκον
402 769 493 848 ἀνίης
516 771 597 850 (XII,
616 773 675 848 269
699 774 780 838 XIX,
802 787 853 848 171
880 773 978 842 XXV,
995 772 1069 847 382)
1093 783 1147 831 aut
1166 767 1298 848 οἶστρον

197 869 288 948 ἀνίης
312 870 365 948 (Π,
383 876 435 949 71)
452 883 505 931 aut
520 870 620 950 ἄχθος
636 870 727 949 ἀνίης
750 870 806 950 (Π,
831 871 892 950 75).
914 906 953 913 —
974 893 1000 932 v.
1016 873 1077 946 328
1101 869 1297 950 εὔτροχος,

199 977 283 1049 quod
317 976 388 1032 alibi
424 993 513 1033 curru
548 985 579 1032 et
607 976 753 1033 similibus
788 976 971 1050 quibusdam
1003 976 1094 1034 rebus
1127 977 1299 1045 adhibetur,

198 1077 311 1133 barbae
333 1076 501 1150 epitheton.
534 1108 566 1116 -
597 1095 623 1136 v.
645 1091 705 1150 333
728 1073 823 1150 τέχνη
840 1085 966 1133 vocatur
988 1073 1191 1154 ἐΰσκοπος,
1215 1080 1299 1154 quod

162 1209 163 1212 =
198 1178 383 1234 adiectivum
425 1179 508 1252 apud
544 1177 712 1235 Homerum
748 1177 889 1236 Mercurii
928 1196 1109 1252 cognomen.
1164 1180 1299 1255 denique

199 1298 225 1337 v.
248 1279 310 1351 380
332 1279 430 1336 verbis
454 1273 611 1352 ἐνάταις
634 1273 814 1351 ἀνεθήκατο
831 1274 982 1353 Μούσαις
1001 1280 1195 1340 offendimur:
1219 1300 1298 1357 quae

198 1398 268 1438 cum
284 1380 466 1438 Schaeferus
476 1377 500 1458 ¹)
523 1381 554 1437 in
577 1375 756 1453 ἀνεθήκατο
778 1376 873 1440 ἐννέα
888 1376 1047 1466 Μούσαις,
1058 1392 1199 1452 mutaret,
1222 1403 1299 1443 ιιοιι-

199 1482 273 1537 dum
295 1483 450 1555 cognitum
480 1489 545 1538 erat
568 1479 749 1537 Nonnianos
777 1480 830 1536 tali
857 1481 941 1537 hiatu
975 1482 1078 1556 plane.
1103 1484 1297 1546 abstinuisse.

199 1581 381 1656 paucissima
404 1583 544 1642 eiusdem
567 1599 639 1639 usus
664 1583 803 1656 exempla
826 1592 896 1639 sunt
924 1600 1023 1657 eaque
1050 1585 1251 1645 incertissima
1274 1590 1300 1646 si

198 1700 261 1739 non
284 1683 375 1742 falsa:
410 1684 551 1759 Aeschyl.
575 1691 653 1758 sept.
676 1700 702 1741 v.
729 1699 785 1756 125
819 1680 935 1759 πύλαις
968 1679 1119 1760 ἑβδόμαις
1152 1689 1203 1745 ubi
1228 1690 1298 1746 vide

198 1783 407 1840 Hermannum
430 1775 570 1866 [Aeliano
593 1785 633 1840 de
655 1785 775 1843 animal.
800 1785 850 1842 XI.
877 1801 912 1840 10
933 1779 1096 1860 τετάρτων
1119 1787 1168 1848 δεῖ
1188 1789 1299 1863 μηνῶν

198 1883 372 1941 Hercherus
395 1903 412 1940 e
439 1885 597 1942 codicibus
620 1885 755 1942 reddidit
777 1876 962 1966 τεττάρων].

297 1985 362 2043 lam
388 1987 461 2042 satis
485 1995 613 2062 apparet
635 1988 782 2062 simplicia
806 1996 899 2062 atque
922 2005 979 2044 usu
1003 1990 1196 2047 constabilita
1215 1990 1299 2049 Chri·

200 2088 360 2144 stodorum
382 2067 504 2158 vitasse,
529 2085 716 2162 quaesivisse
738 2089 884 2147 inusitata
908 2096 1002 2164 atque
1020 2089 1190 2151 artificiosa.
1214 2097 1299 2169 quod

198 2189 334 2245 novandi
357 2190 492 2245 studium
515 2189 620 2247 decuit
640 2198 765 2263 poetam
789 2190 895 2264 quiid
918 2198 990 2247 ante
1012 2193 1115 2250 omnia
1130 2193 1298 2266 affectaret,

199 2298 233 2346 ut
256 2291 366 2348 doctus
389 2308 427 2347 ac
448 2290 612 2346 multorum
634 2299 795 2366 poetarum
825 2291 958 2349 lectione
979 2293 1112 2351 imbutus
1135 2295 1298 2358 videretur.

198 2389 242 2448 sic
264 2390 378 2450 factum
402 2398 459 2461 est,
480 2400 514 2448 ut
537 2391 577 2449 ad
601 2393 749 2450 tumidam
774 2391 900 2450 dicendi
923 2395 1075 2452 rationem
1096 2396 1298 2468 delaberetur,

200 2509 291 2565 quam
313 2493 465 2568 placuisse
487 2494 610 2550 urbanis
633 2494 710 2550 illius
735 2494 844 2550 aetatis
873 2493 1046 2552 hominibus
1069 2513 1125 2554 nos
1148 2478 1298 2558 miramur.

199 2609 268 2649 cum
299 2591 356 2650 hac
386 2603 490 2652 autem
521 2594 689 2670 diligentia,
726 2612 787 2668 qua
821 2597 941 2671 copiam
974 2598 1133 2656 verborum
1169 2599 1300 2658 alienam

199 2695 340 2750 convexit
362 2712 536 2771 novamque
564 2697 630 2770 ipse
653 2696 774 2770 paravit
803 2697 972 2754 admodum
1005 2707 1124 2773 pugnat
1154 2700 1246 2757 nimia
1269 2703 1300 2758 in

198 2795 344 2850 varianda
376 2797 512 2854 dictione
538 2797 741 2872 neglegentia.
787 2804 821 2854 ut
853 2815 949 2872 saepe
980 2800 1115 2857 versibus
1146 2801 1298 2860 continuis

199 2896 331 2953 eandem
362 2897 531 2955 hexametri
565 2906 750 2955 structuram
781 2899 901 2974 repetiit
925 2907 956 2956 et
978 2899 1130 2958 lenocinia
1152 2902 1299 2960 orationis

199 3013 236 3052 ex
259 2997 426 3072 sophistico
450 2999 561 3055 scrinio
584 3016 675 3074 parce
698 3007 839 3074 prompta
859 3001 1007 3057 varietate
1025 3002 1106 3058 bene
1128 3011 1299 3078 temperata

199 3115 352 3172 exaugere
383 3101 567 3172 supersedit,
598 3101 640 3157 ita
668 3099 788 3174 singula
816 3101 967 3158 vocabula
989 3109 1020 3158 et
1042 3103 1204 3177 ampliores
1235 3122 1300 3161 ver·

200 3214 289 3254 suum
304 3208 408 3273 partes
430 3199 513 3257 brevi
536 3201 692 3259 intervallo
708 3201 878 3258 identidem
894 3202 995 3260 refert.
1028 3221 1100 3260 nam
1116 3205 1301 3270 deficiebant
1392 3189 1394 3196 ¹

199 3317 270 3355 eum
298 3301 376 3358 sicut
404 3319 510 3359 omnes
533 3301 713 3360 Nonnianos
736 3303 859 3360 virtutes
888 3322 958 3361 vere
989 3307 1141 3379 poeticae,
1176 3305 1300 3363 dicendi

199 3401 322 3459 ubertas
347 3410 377 3459 et
397 3402 619 3460 'sententiarum
651 3404 784 3460 divitiae.
821 3406 1014 3478 quantumvis
1048 3421 1140 3464 curae
1170 3425 1207 3464 ac
1234 3407 1300 3464 dili·

201 3504 324 3576 gentiae
346 3503 386 3560 illi
409 3512 440 3561 et
462 3522 585 3562 nonnas
611 3506 753 3564 metricas
789 3507 879 3563 anxie
912 3507 1110 3565 observantes
1133 3516 1164 3565 et
1186 3525 1300 3566 sermo·

199 3620 270 3660 nem
293 3604 455 3661 artificiose
481 3605 684 3662 illuminantes
707 3606 963 3681 consumpserint,
995 3617 1100 3667 tamen
1122 3608 1195 3666 nihil
1216 3610 1300 3667 aliud

201 3721 293 3778 quam
316 3721 481 3762 senescens
506 3695 570 3764 tum
593 3714 624 3763 et
650 3705 775 3764 effetum
797 3707 988 3782 antiquitatis
1010 3710 1166 3784 ingenium
1189 3709 1299 3785 insigni

199 3807 340 3882 exemplo
364 3808 586 3866 demonstrant.

204 3947 279 3955 .....
280 3946 398 3954 w

305 4041 330 4105 1)
350 4038 481 4088 meletem.
497 4035 525 4086 in
544 4036 668 4104 Dionysii
689 4045 770 4088 artem
788 4036 944 4089 rhetoricam
963 4053 988 4106 p.
1009 4051 1042 4104 97
1063 4039 1121 4092 adn.
1140 4051 1183 4104 42.
