3122 4904
813 283 845 322 10

380 445 458 504 Cum
480 465 551 504 vero
571 447 618 506 his
640 447 715 507 locis
738 450 875 525 speciem
898 447 1023 523 quidem
1042 448 1221 506 ostenderet
1243 447 1376 505 auctoris

281 555 398 606 statuas
426 549 617 624 descripturi,
652 548 722 607 alibi
755 549 902 608 statuaria
935 547 1143 625 descriptione
1176 565 1300 623 prorsus
1322 565 1376 605 ne-

280 650 382 724 glecta
402 668 517 708 nomen
544 659 663 710 tantum
684 659 716 709 et
737 651 865 727 patriam
887 660 919 709 et
940 669 1050 709 munus
1083 650 1148 707 eius
1175 650 1227 724 qui
1253 666 1376 725 reprae-

280 759 419 810 sentatus
452 760 518 810 erat
538 753 669 811 breviter
701 753 957 812 commemoravit.
1000 752 1115 810 sentias
1137 753 1236 809 minus
1259 760 1377 810 statuas

281 870 374 928 quam
394 854 533 911 homines
558 855 667 912 statuis
701 871 862 931 expressos
890 871 1058 929 eorumque
1090 854 1268 912 memoriam
1290 852 1377 911 cordi

281 953 375 1012 fuisse
400 953 610 1014 ChristodorO.
648 955 692 1013 sic
711 955 785 1034 'hoc
817 972 894 1030 opus
925 955 1047 1028 reliquis
1079 954 1137 1012 illis
1170 971 1251 1029 quae
1286 971 1377 1028 supra

281 1051 320 1130 (ᾗ.
348 1051 377 1130 1)
398 1056 578 1113 adumbravi
598 1064 670 1132 apte
693 1056 849 1114 convenit:
878 1056 987 1131 quibus
1018 1073 1085 1113 curn
1109 1055 1234 1112 heroica
1256 1055 1378 1130 potissi·

280 1173 362 1213 mum
385 1164 557 1226 tractasset,
591 1166 728 1214 veterum
750 1164 781 1213 et
804 1156 978 1231 aequalium
1004 1174 1052 1213 res
1079 1164 1184 1232 gestas
1213 1163 1377 1224 narrasset,

280 1257 322 1314 de
343 1257 412 1314 viris
435 1257 607 1315 eruditione
629 1258 793 1332 praeclaris
819 1258 944 1332 egisset,
973 1275 1036 1314 non
1057 1258 1209 1327 miramur,
1239 1258 1324 1332 quod
1345 1256 1377 1314 in

280 1357 339 1416 hac
361 1357 500 1433 ecphrasi
522 1360 562 1416 de
586 1359 643 1428 dis,
669 1358 823 1429 heroibus,
846 1358 1018 1416 hominibus
1041 1358 1072 1415 in
1088 1359 1246 1434 Zeuxippo
1268 1358 1377 1415 effictis

281 1459 447 1517 eruditulas
459 1461 608 1534 quasdam
625 1459 855 1517 observationes
870 1459 1036 1535 sophistica
1059 1460 1178 1517 ratione
1194 1460 1376 1528 declamare,

281 1577 373 1635 quam
396 1559 512 1636 effigies
534 1561 617 1636 ipsas
641 1561 749 1635 putida
771 1560 930 1634 diligentia
953 1559 1127 1618 describere
1149 1561 1297 1618 maluerit.

379 1661 467 1719 Haec
494 1663 619 1737 quidem
644 1661 793 1719 hactenus
816 1663 856 1717 de
879 1662 1016 1738 consilio,
1050 1662 1135 1736 quod
1158 1659 1376 1719 Christodorus

280 1771 404 1821 secutus
427 1779 498 1820 esse
520 1762 651 1820 videtur:
687 1763 739 1821 illa
761 1763 901 1837 quaestio
930 1770 1031 1819 utrum
1057 1761 1217 1836 ecphrasin
1243 1761 1323 1820 hanc
1346 1769 1378 1819 et

281 1863 417 1921 versibus
439 1871 470 1920 et
492 1862 552 1920 hoc
574 1864 659 1938 quod
682 1863 744 1920 dixi
769 1863 965 1921 describendi
986 1881 1102 1939 genere
1123 1864 1274 1940 insignem
1298 1865 1378 1923 sicut

282 1965 356 2023 alias
379 1964 554 2040 aequalium
577 1964 739 2039 ecphrases
756 1982 859 2022 coram
881 1965 994 2039 populo
1010 1966 1214 2023 declamatam
1235 1983 1275 2022 an
1297 1982 1377 2040 quae
1453 2013 1457 2022 .

282 2065 434 2140 legeretur
455 2074 575 2123 tantum
596 2066 801 2140 conscriptam
823 2083 892 2123 esse
915 2079 1067 2140 putemus,
1094 2084 1164 2124 cum
1183 2085 1220 2123 ex
1244 2066 1378 2124 carmine

279 2167 346 2242 ipso
374 2185 475 2242 neque
505 2184 565 2242 quo
599 2167 851 2226 commendemus
884 2167 1152 2250 declamationem,
1184 2184 1287 2242 neque
1315 2183 1376 2242 quo

279 2268 448 2326 refutemus
467 2268 636 2344 quidquam
657 2267 821 2337 elicuerim,
844 2267 876 2323 in
897 2267 1001 2324 medio
1023 2267 1223 2344 relinquenda
1245 2276 1301 2328 est.

379 2364 405 2444 ᾖ.
428 2385 457 2441 4.
492 2367 595 2426 Pauca
622 2369 716 2426 etiam
750 2369 790 2425 de
823 2368 934 2425 balneo
958 2369 1115 2444 Zeuxippo
1139 2369 1298 2438 disseram,
1326 2367 1378 2426 ubi

281 2478 402 2528 statuae
430 2471 471 2527 de
505 2471 615 2545 quibus
649 2469 712 2544 agit
733 2469 949 2527 Christodorus
973 2470 1143 2528 collocatae
1166 2478 1262 2529 erant.
1302 2486 1376 2527 sane

281 2569 415 2646 Cangius
438 2579 470 2628 et
491 2570 664 2628 Bandurius
693 2572 723 2628 in
755 2570 836 2627 libris
864 2571 1066 2628 celeberrimis
1097 2572 1138 2627 de
1161 2569 1378 2628 Constantino·

279 2672 342 2748 poli
364 2671 535 2730 Christiana
558 2673 738 2748 conscriptis
761 2673 802 2730 de
827 2671 917 2729 huius
941 2672 1052 2730 lavacri
1081 2672 1198 2747 origine
1221 2681 1252 2728 et
1273 2673 1378 2747 dispo·

281 2773 391 2831 sitione
414 2771 508 2830 fusius
533 2774 706 2848 disputant;
729 2791 832 2848 neque
854 2791 936 2842 vero,
961 2790 1030 2830 cum
1047 2773 1132 2830 locos
1154 2773 1205 2847 qui
1227 2771 1286 2829 huc
1308 2789 1376 2847 per·

280 2873 378 2931 tinent
411 2875 657 2933 coacervaverint
688 2875 785 2948 magis
821 2890 914 2948 quam
942 2874 1021 2931 clare
1048 2873 1264 2948 disposuerint,
1297 2890 1378 2930 nova

280 2974 477 3051 inquisitione
499 2976 701 3050 supersedere
723 2975 818 3051 potui.

381 3076 428 3134 Ac
449 3077 577 3151 primum
593 3076 716 3151 quidem
733 3074 901 3133 certissime
916 3075 1079 3150 probatum
1091 3082 1138 3131 est
1149 3073 1188 3131 ab
1200 3073 1378 3134 Alexandro

281 3176 393 3234 Severo
415 3176 560 3235 balneum
581 3194 652 3235 esse
674 3177 832 3235 conditum
840 3171 874 3248 ¹),
902 3177 985 3233 unde
1008 3192 1230 3250 nonnunquam
1251 3183 1378 3234 vocatur

284 3276 455 3353 βαλανεῖον
476 3278 535 3338 τοῦ
550 3273 761 3353 Ἀλεξάνδρου
771 3273 797 3354 ²)
820 3284 874 3334 aut
894 3275 952 3338 τοῦ
970 3273 1115 3353 Σεβήρου
1132 3271 1303 3353 λουτρόνθ)
1326 3284 1379 3334 aut

282 3375 490 3457 Σεβήρειον4)
512 3389 567 3438 aut
593 3371 779 3457 lebri9035).
817 3379 904 3454 apud
929 3377 1113 3455 Byzantinos
1144 3373 1230 3454 'ipsos
1260 3377 1378 3435 haece

281 3555 480 3568 Ι,.-.-.----..

386 3666 410 3732 1)
428 3666 552 3732 anonymi
578 3665 651 3716 brev.
680 3679 762 3714 enarr.
782 3663 923 3726 chronogr.
941 3679 967 3729 p.
983 3662 1041 3714 188.
1059 3663 1152 3712 Ioann.
1170 3661 1238 3726 Lyd.
1259 3661 1291 3710 de
1310 3676 1378 3723 mag.

282 3771 308 3820 p.
327 3753 489 3818 R.111,7o.
515 3753 549 3803 ei.
574 3751 651 3801 etiam
678 3749 811 3816 Lamprid.
835 3750 881 3800 vit.
904 3750 984 3800 Alex.
1005 3747 1063 3800 Sev.
1085 3760 1126 3811 24,
1145 3758 1168 3811 5.
1190 3759 1232 3811 39,
1247 3761 1271 3810 4.
1308 3763 1376 3797 unus

282 3843 402 3893 Zosimus
422 3841 468 3906 (H,
479 3841 524 3908 30)
543 3858 558 3890 a
577 3841 705 3907 Septimio
723 3840 821 3889 Severo
841 3839 966 3889 balneum
986 3837 1121 3888 conditum
1137 3851 1197 3886 esse
1214 3836 1302 3887 tradit.

383 3929 411 3997 2)
431 3929 522 3980 chron.
543 3928 661 3995 paschal.
679 3945 705 3995 p.
720 3929 781 3995 622,
799 3926 991 3992 Theophanes:
1011 3925 1204 3991 chronograph.
1224 3926 1245 3983 I,
1264 3941 1290 3991 p.
1302 3925 1361 3987 284.

384 4017 412 4084 3)
430 4020 545 4068 Zonaras
564 4034 589 4083 p.
606 4028 648 4081 51.

383 4106 412 4177 4)
430 4109 471 4158 10.
489 4107 556 4172 Lyd.
576 4106 594 4157 l.
615 4106 633 4158 l.

384 4195 410 4262 5)
430 4211 552 4262 anonym.
571 4194 626 4246 1.l.
