3122 4904
797 293 832 354 48

268 465 427 534 vocabula,
451 481 580 541 quorum
602 464 659 522 tria
680 465 806 521 nomina
837 466 959 541 propria
991 475 1071 536 sunt,
1105 483 1143 524 ex
1166 476 1232 525 toto
1254 467 1369 525 Nonno

268 569 337 642 cogi
358 575 488 642 possunt
510 566 703 641 correptione
736 567 831 622 attica
852 567 993 642 insignia.
1029 570 1101 625 item
1125 571 1209 643 ap'ucl
1232 567 1368 627 Christo·

267 669 377 726 dorum
398 685 498 743 pauca
519 675 640 726 tantum
661 667 786 724 nomina
806 668 929 742 propria
952 669 1096 744 syllabam
1117 670 1200 728 illam
1214 689 1284 735 ⁴nou
1296 688 1366 746 pro·

269 770 394 826 ductam
426 749 586 826 exhibent:
620 761 791 842 Ἀφροδίτη
826 761 885 845 (νν.
911 785 961 843 qq.
989 785 1056 845 147.
1079 769 1153 846 288)
1186 773 1217 828 in
1239 771 1367 829 formula

266 870 432 938 homerica,
454 863 711 943 Ἑρμαφρόδιτος
734 861 775 946 (ν.
804 867 875 944 102)
898 865 1085 944 Ἡρακλέης,
1099 873 1138 942 (v.
1166 869 1236 946 136)
1258 867 1366 947 Ἀμφι-

266 967 374 1047 τρύων
396 963 436 1047 (ν.
450 965 528 1045 367)
549 986 678 1044 quorum
700 971 852 1044 correptio
875 988 932 1028 usu
955 970 1111 1028 homerico
1127 973 1214 1047 quasi
1231 972 1366 1046 legitima

267 1073 349 1131 facta
371 1080 428 1130 est.

365 1173 461 1248 Igitur
494 1173 549 1230 has
583 1172 715 1248 syllabas
750 1190 830 1248 quae
864 1182 980 1231 mutam
1007 1183 1038 1231 et
1067 1171 1215 1250 liquidam
1242 1185 1367 1246 antece-

266 1277 344 1332 dunt
378 1274 611 1349 comprobatum
646 1283 694 1332 est
720 1273 930 1332 aNonnianis
964 1293 1085 1351 semper
1106 1278 1273 1351 productas
1296 1294 1366 1334 esse

267 1377 406 1451 exceptis
432 1385 463 1433 et
483 1376 590 1452 paucis
619 1375 775 1456 vocabulis
807 1375 969 1434 homericis
992 1386 1023 1434 et
1044 1377 1207 1453 bisyllabiS,
1240 1379 1367 1453 quaesi

266 1477 517 1552 producerentur,
540 1477 680 1550 rapidum
703 1475 872 1535 hexametri
902 1478 1066 1536 decursum
1087 1480 1176 1536 nimis
1198 1480 1364 1538 tardarent.

367 1575 391 1648 ἓ.
419 1592 446 1652 7.
481 1575 626 1634 Nonnum
660 1577 826 1635 ultimam
848 1595 971 1654 quoque
994 1597 1119 1637 versus
1143 1580 1269 1637 sedem
1292 1579 1365 1654 legi-

265 1679 323 1736 bus
346 1679 439 1736 mirae
459 1679 629 1735 severitatis
663 1681 837 1737 coercuisse
871 1681 989 1738 dudum
1012 1689 1142 1740 constat.
1180 1698 1217 1737 ac
1236 1681 1365 1756 primum

266 1781 392 1854 quidem
413 1797 608 1854 summopere
630 1781 769 1850 studuit,
802 1789 836 1838 ut
863 1783 1013 1856 spondeo,
1046 1801 1109 1840 non
1131 1781 1278 1840 trochaeo
1300 1799 1365 1838 ver-

266 1898 333 1938 sum
358 1880 526 1949 clauderet,
549 1880 654 1954 itaque
677 1899 740 1938 non
763 1883 861 1939 solum
885 1882 1014 1958 syllabas
1038 1884 1121 1940 brevi
1142 1884 1241 1940 vocali
1263 1883 1366 1940 termi-

267 1990 357 2038 natas
380 1983 411 2038 in
434 1990 572 2038 extremo
605 1999 693 2039 versu
727 1984 841 2053 vitavit,
876 1985 933 2041 sed
967 1986 1059 2041 etiam
1088 1986 1119 2042 in
1141 1993 1365 2042 consonantem

266 2084 445 2141 desinentes
467 2083 576 2139 breves
610 2083 741 2157 syllabas
764 2085 929 2160 plerasque
950 2085 1009 2144 hac
1031 2087 1107 2144 sede
1130 2087 1270 2153 exclusit,
1301 2104 1366 2143 ma·

265 2185 345 2242 xime
367 2203 431 2253 eas,
450 2173 533 2258 ¹quae
556 2185 588 2241 in
611 2200 663 2259 -ις,
685 2201 738 2262 -ιν,
763 2201 826 2264 -υς,
855 2202 908 2245 -υν
930 2187 1085 2262 exeunt1).
1123 2189 1208 2263 apud
1230 2185 1366 2244 Christo-

266 2286 376 2344 dorum
400 2303 464 2342 non
490 2303 590 2360 pauca
623 2287 654 2342 in
687 2303 791 2343 versus
826 2287 962 2345 clausula
988 2289 1136 2358 videmus,
1170 2288 1240 2346 huic
1262 2287 1366 2346 Nonni

267 2387 336 2443 usui
360 2387 511 2444 contraria
534 2396 605 2444 sunt
627 2387 690 2444 fere
710 2387 802 2446 haec:

367 2506 392 2548 v.
421 2502 476 2560 125
501 2482 539 2548 ὅν
561 2505 640 2548 ποτε
662 2487 746 2560 γαῖα.
783 2506 935 2563 nusquam
957 2490 1103 2548 aNonno
1125 2491 1283 2547 nominum
1305 2491 1365 2565 pri-

264 2607 334 2648 mae
356 2589 570 2646 declinationis
594 2589 693 2646 exitus
715 2589 747 2645 in
770 2606 813 2664 -ot,
836 2606 891 2649 -nv
913 2592 944 2646 in
966 2599 1103 2648 extremo
1126 2609 1214 2648 versu
1237 2592 1364 2648 admissi

266 2683 379 2768 sunt2).
417 2707 486 2746 cum
509 2691 539 2747 in
560 2707 649 2746 versu
671 2690 723 2764 qui
746 2690 889 2764 sequitur
909 2689 967 2747 126
1002 2693 1126 2748 codices
1152 2687 1277 2765 Σικελίη
1300 2709 1365 2748 non

265 2787 409 2865 Σικελική
438 2791 616 2866 praebeant,
650 2790 725 2863 γαῖα
748 2801 924 2866 corruptum
951 2810 1020 2850 esse
1057 2802 1111 2851 aut
1145 2793 1365 2868 interpolatum

264 2893 506 2950 verisimillimum
539 2891 584 2948 fit:
618 2908 705 2948 versu
740 2907 801 2964 410
833 2887 886 2968 (ἣν
918 2888 964 2952 ἔτι
996 2888 1148 2969 παίδνην)
1183 2901 1363 2968 comparato

265 2989 304 3054 ὅν
326 3009 405 3053 ποτε
428 2989 558 3066 παῖδαῧ)
578 2991 582 3065 Ι
602 2989 726 3066 Σικελίη
748 2992 798 3049 hic
820 2994 1016 3051 scribendum
1039 3011 1107 3051 esse
1131 2995 1292 3052 existumo

365 3113 392 3154 v.
416 3093 486 3169 348.
518 3089 596 3154 ἔνθα
630 3093 668 3151 cf.
693 3093 793 3154 Nonn.
817 3091 908 3154 Dion.
940 3093 1096 3164 XXXVII,
1119 3111 1169 3166 44.
1204 3093 1288 3152 Paul.
1313 3093 1366 3154 Sil.

264 3193 298 3255 Α.
324 3195 392 3268 248.
416 3193 449 3255 Β.
476 3211 544 3268 151·
565 3211 623 3270 223
646 3197 769 3254 ambon.
796 3197 863 3254 106.
965 3259 966 3264 .

365 3317 391 3357 v.
415 3311 474 3369 342
499 3292 609 3371 ἀλᾶτο,
644 3298 693 3354 cui
726 3297 793 3355 usui
826 3299 909 3372 apud
942 3295 1087 3354 Nonnum
1117 3296 1189 3354 nihil
1219 3304 1365 3352 accurate

265 3399 442 3472 respondet.
480 3397 517 3456 cl.
539 3397 618 3455 Mus.
645 3417 669 3456 v.
695 3413 747 3472 71:
771 3394 852 3458 κατὰ
873 3396 953 3473 νηὸν
976 3395 1086 3459 ἀλᾶτο.

350 3509 411 3558 ’νν.
437 3499 499 3570 3ο
510 3496 580 3571 368.
605 3515 665 3573 393
689 3495 807 3574 μάντις.

368 3781 393 3851 1)
413 3782 555 3832 Ludwich:
575 3782 659 3848 symb.
680 3784 735 3834 crit.
746 3800 771 3848 p.
784 3794 814 3847 71
828 3798 885 3848 sqq.
906 3783 1049 3847 diligenter
1068 3799 1241 3850 quaecunque
1255 3784 1283 3833 in
1294 3784 1367 3836 hanc

265 3886 320 3920 rem
338 3871 447 3931 faciunt,
466 3872 598 3938 exposuit.
618 3872 650 3922 cl.
670 3872 748 3920 etiam
767 3871 886 3920 Iudicem
905 3871 1000 3937 philol.
1022 3874 1088 3938 1873
1109 3888 1134 3938 p.
1147 3873 1207 3923 286.

235 4013 238 4022 ¹
366 3959 394 4029 2)
413 3962 590 4011 accusativum
608 3965 691 4024 γαῖαν
709 3960 737 4009 iu
755 3976 847 4010 versus
866 3960 984 4010 clausula
1002 3960 1058 4023 legi
1077 3962 1148 4026 apud
1168 3961 1280 4027 Dionys
1301 3961 1366 4014 Per.

264 4066 289 4102 v.
308 4051 368 4115 768.
389 4050 459 4102 Coll.
478 4067 504 4102 v.
525 4051 582 4115 158.
602 4051 671 4100 Mus.
694 4050 751 4113 176.
773 4051 813 4099 Io.
832 4051 895 4101 Gaz.
915 4053 936 4110 1,
958 4049 1015 4101 186.

364 4138 390 4204 3)
409 4139 452 4189 hic
471 4141 564 4190 tertiae
588 4139 774 4189 declinationis
802 4139 888 4189 exitus
907 4140 935 4188 in
954 4155 984 4192 -α
1003 4155 1018 4190 a
1037 4141 1136 4190 Nonno
1156 4153 1312 4203 nonaeque
1334 4155 1366 4188 ac

263 4228 363 4294 primae
382 4229 519 4280 vitabatur.
541 4229 573 4280 cf.
594 4227 733 4278 Ludwich.
754 4229 772 4280 l.
792 4227 811 4280 l.
841 4253 842 4258 =
