3122 4904
736 307 766 342 21

203 486 274 526 cum
296 468 509 526 nomenclator
535 467 599 524 fere
621 468 689 526 sola
720 468 848 526 Homeri
881 469 991 527 notitia
1022 470 1155 527 imbutus
1178 469 1302 525 nomina

201 569 369 644 imaginum
402 570 581 628 condidisse
609 571 758 638 videatur,
791 571 851 627 alia
876 569 996 628 indoles
1011 565 1075 628 ‘fuit
1098 568 1300 638 Christodori,

202 669 254 743 qui
275 669 388 726 eruditi
413 679 529 744 poetae
558 671 692 746 speciem
723 689 796 746 prae
819 689 853 728 se
880 671 938 728 fert
960 680 1055 747 atque
1077 671 1171 729 etiam
1193 687 1300 728 recen·

202 771 295 828 tiores
328 771 500 845 mythorum
532 772 644 830 formas
678 773 817 848 cognitas
851 772 965 831 habuit.
1016 771 1199 848 Deiphobus
1229 780 1302 829 aute

203 872 298 929 aedes
309 871 486 930 Menelaum
501 882 688 949 exspectans
701 875 854 931 nescimus
871 892 889 930 a
912 891 973 948 quo
993 875 1137 931 inductus
1158 873 1209 947 sit;
1234 890 1303 929 cum

203 971 357 1048 Vergilius
380 981 412 1030 et
434 972 567 1046 Quintus
588 975 771 1049 Smyrnaeus
798 975 849 1050 qui
871 975 927 1032 soli
950 975 1069 1032 dehac
1091 992 1196 1050 pugna
1217 973 1303 1048 plura
1396 971 1397 976 ’

202 1074 339 1142 tradunt,
361 1074 391 1130 in
416 1073 497 1132 lecto
520 1092 590 1132 eum
612 1074 768 1134 aGraeco
791 1093 973 1151 oppressum
1003 1094 1073 1134 esse
1101 1077 1216 1143 dicant,
1239 1092 1303 1131 cre·

204 1175 298 1232 dibile
320 1183 369 1233 est
384 1173 616 1235 Christodorum
631 1178 731 1252 ipsum
745 1186 780 1235 ut
793 1186 907 1235 statum
928 1178 1074 1254 corporis,
1098 1195 1189 1252 quem
1211 1177 1303 1234 simu·

202 1277 317 1335 lacrum
342 1276 516 1351 exhibebat,
540 1286 612 1354 apte
635 1279 893 1355 interpretaretur,
917 1279 998 1337 illam
1020 1279 1141 1338 fabulae
1168 1278 1303 1354 speciem

202 1378 366 1438 effinxisse.
395 1379 435 1436 de
446 1378 569 1436 Heleno
585 1380 743 1456 transfuga
767 1398 847 1455 quae
869 1388 1030 1438 narrantur
1041 1377 1072 1454 ¹),
1096 1396 1198 1453 neque
1220 1378 1303 1453 apud

202 1479 372 1537 Homerum
388 1498 490 1556 neque
513 1482 598 1556 apud
618 1483 752 1556 tragicos
774 1490 907 1548 exstant,
940 1483 998 1539 sed
1025 1481 1121 1537 multo
1153 1479 1303 1537 recentio-

201 1582 282 1639 ribus
311 1577 507 1657 debentu12).
544 1583 617 1640 item
651 1585 691 1640 de
721 1581 897 1642 Cassandra
917 1584 995 1658 patri
1016 1584 1128 1641 infesta
1153 1581 1303 1639 recentio-

202 1682 283 1755 res⁸)
313 1691 433 1741 tantum
459 1684 651 1744 rettulerunt.
679 1703 770 1759 porro
794 1685 835 1742 de
858 1684 1013 1761 Polyxena
1034 1685 1073 1741 ab
1089 1682 1206 1741 Achille
1228 1683 1303 1739 ada·

202 1793 286 1843 mata
300 1785 437 1859 mythum
453 1802 544 1859 quem
559 1786 671 1861 primus
688 1785 889 1843 Philostratus
905 1779 1168 1859 commemoratu,
1184 1791 1303 1858 partem

203 1885 282 1960 epici
311 1886 386 1960 cycli
426 1885 564 1944 effecisse
592 1881 800 1963 Welckerus⁶)
841 1887 996 1962 praeclare
1033 1887 1169 1961 negavit3
1201 1901 1303 1959 neque

204 1984 358 2044 Oenonen
370 1985 585 2044 Christodorus
601 2005 664 2044 non
679 1987 818 2063 depinxit
832 1989 874 2044 ad
887 1988 1083 2044 novissimum
1097 1987 1190 2062 mythi
1201 2003 1303 2042 exem·

203 2082 310 2164 plarss).
334 2087 365 2146 in
387 2087 510 2164 reliquis
532 2089 659 2146 heroum
675 2089 783 2146 statuis
799 2097 853 2145 aut
869 2091 910 2146 ad
924 2088 1093 2146 Homerum
1115 2106 1148 2146 se
1171 2086 1304 2162 applicat

202 2198 307 2266 poeta,
330 2198 384 2246 aut
405 2190 493 2248 nimis
515 2206 615 2266 pauca
638 2189 763 2265 profert.
795 2199 827 2246 at
849 2189 898 2246 illa
921 2189 1074 2248 sufficiunt
1097 2189 1127 2247 ni
1149 2188 1246 2256 fallor,
1270 2196 1303 2245 ut

204 2288 438 2348 Christodorum
469 2299 593 2366 praeter
618 2289 787 2348 Homerum
820 2291 1006 2349 recentiores
1041 2307 1165 2366 quoque
1198 2289 1302 2364 epicos

203 2399 343 2449 secutum
364 2391 563 2460 affirmemus;
584 2392 724 2467 profecto
747 2408 810 2449 non
833 2391 940 2449 fuisset
956 2391 1049 2450 homo
1074 2389 1189 2448 saeculi
1205 2388 1302 2465 quinti

202 2511 232 2567 p.
256 2490 325 2550 Chr.
348 2511 389 2560 n.‚
423 2493 481 2549 nisi
514 2493 619 2567 quoad
650 2492 713 2549 fieri
745 2500 876 2567 poterat,
911 2493 1096 2568 simplicibus
1132 2491 1302 2564 lucidisque

202 2592 329 2651 Homeri
351 2594 576 2652 narrationibus
599 2578 777 2650 artificiosas
808 2603 840 2650 et
866 2595 998 2652 maxime
1027 2593 1159 2650 eroticas
1180 2598 1303 2667 praetu·
1407 2669 1410 2679 Ι

202 2695 298 2763 lisset,
322 2712 403 2770 quae
425 2695 498 2753 inde
521 2695 560 2752 ab
583 2694 798 2752 Alexandrinis
821 2703 958 2753 vetustos
974 2695 1096 2771 mythos
1117 2692 1215 2768 magis
1238 2709 1303 2748 ma·

202 2796 310 2870 gisque
332 2795 539 2871 profligarunt.

304 3059 330 3130 ι)
350 3080 373 3114 v.
390 3073 438 3129 155
459 3064 581 3114 codicum
599 3065 681 3116 lectio
701 3066 786 3131 πατρὶ
800 3065 830 3118 δὲ
844 3064 931 3131 νηλής
943 3062 1115 3115 Boissonadii
1134 3062 1302 3112 coniecturae

202 3148 314 3216 πατρίδι
333 3166 364 3201 ea
390 3168 496 3218 quoqne
507 3153 541 3202 dc
554 3169 633 3203 causa
650 3153 824 3220 praeferenda
843 3160 891 3213 est,
905 3153 968 3220 quia
979 3152 1100 3202 Priamus
1115 3151 1143 3200 in
1155 3150 1302 3200 recentiore

97 3262 100 3273 ·
202 3239 289 3312 mythi
304 3240 428 3290 versione
447 3256 553 3304 gravem
571 3257 712 3307 personam
731 3242 853 3292 sustinet.

301 3327 329 3396 2)
351 3329 384 3380 ci.
408 3329 489 3392 Verg.
515 3329 586 3380 Aen.
609 3330 660 3390 111,
686 3341 834 3393 294-490.
865 3329 956 3394 Quint.
988 3329 1089 3394 Smyru.
1109 3327 1147 3385 X,
1171 3337 1221 3391 345
1243 3340 1301 3390 sqq.

202 3414 285 3481 Orph.
306 3417 377 3468 Lith.
396 3417 447 3476 XI,
462 3428 522 3482 352.
543 3417 635 3485 Triph.
654 3429 768 3483 45-50.
792 3429 840 3481 133
853 3433 910 3483 sqq.
930 3418 1024 3483 Dictys
1043 3417 1092 3475 Ν,
1105 3413 1146 3466 18.

302 3501 330 3570 3)
350 3503 439 3568 Quint.
457 3505 523 3569 XII,
539 3517 590 3571 540
605 3522 663 3572 sqq.
690 3505 782 3573 Triph.
802 3506 853 3570 376
867 3522 924 3572 sqq.
942 3507 1031 3556 Taetz.
1050 3504 1084 3554 ad
1103 3504 1166 3569 Lyc.
1186 3511 1246 3566 350.

302 3590 329 3658 4)
347 3594 413 3643 Her.
429 3593 511 3652 XIX,
527 3605 567 3645 11.

305 3676 332 3747 5)
349 3681 469 3743 tragoed.
489 3697 574 3745 graec.
593 3679 615 3741 Ι,
630 3682 688 3745 183.

302 3767 326 3830 6)
346 3767 436 3833 Quint.
457 3770 495 3830 X,
507 3769 657 3833 262-488.
